2354 4140
55 204 265 225 .......
290 119 602 183 L113E1exxxn.
647 124 735 183 em.
760 125 843 185 xx1.
1022 130 1065 202 65

226 226 265 286 υ.
285 228 319 286 c.
341 227 415 303 5542.

60 228 1074 333 *ΜΨ-’,Μή

669 204 1076 231 Ἣ

55 368 137 411 rum.
182 345 294 407 Achaei
321 364 430 426 portus
459 364 488 404 et
514 344 586 407 olant
608 342 748 423 fiduciam
769 345 1000 427 postulantibus,
1043 368 1073 410 et

55 432 191 497 demum
237 427 372 511 Plte'lippi
406 450 532 511 praeter
567 430 694 516 legatum
728 432 857 493 tridentus
880 431 965 497 nibil.
1012 434 1072 496 Ro·

55 540 152 595 mana·
173 516 268 601 clast's
295 518 333 579 od
364 512 529 594 Cenelsreas
547 516 626 593 slat,
670 518 792 580 urbium
826 519 958 583 Euboeae
971 520 1073 604 spolia

44 620 133 691 'prae
150 604 188 688 se
203 606 334 686 serem:
375 602 518 685 consulem
536 602 723 688 legionesque
747 608 829 687 ejus,
861 612 1070 689 exiguomoris
1117 672 1123 693 ί

52 692 157 777 spatio
203 691 380 773 disjunctas,
427 686 576 751 Phocidem
610 711 642 751 ac
681 690 836 751 Locridem
869 713 1068 776 pervagantes

51 784 200 850 uiolentus.
247 775 423 851 Miramini,
466 794 520 835 cur
553 774 729 855 diffidenter
763 774 935 839 Cleomedon
955 778 1068 863 legatus

53 860 221 947 fhilippi,
266 882 302 922 ut
328 883 385 942 pro
415 882 486 947 rege
506 882 586 925 arma
604 883 774 943 caperemus
797 864 939 943 aduersus
964 864 1066 927 Roma·

55 972 128 1026 eos,
146 948 234 1011 modo
248 953 362 1033 egerit:
389 953 453 1030 qui,
466 946 495 1021 fi
510 968 548 1007 ex
564 936 663 1010 eo'dent
671 950 799 1029 foedere
811 950 1066 1035 assusejurendo,

39 1040 140 1101 ·cot'us
171 1032 251 1097 nobis
276 1034 447 1120 religionem
467 1033 633 1119 injiciebat,
678 1054 809 1121 rogemus
830 1058 912 1110 eunt,
959 1055 995 1094 ut
1015 1058 1066 1099 nas

55 1122 82 1184 P
109 1116 222 1206 Jippus
244 1139 273 1182 et
299 1120 334 1181 ab
364 1118 483 1181 Nabide
509 1141 542 1179 oc
571 1120 798 1198 Locsdoemoniis
825 1142 856 1183 et
874 1124 909 1184 ab
932 1121 1067 1185 Romanis

55 1206 215 1289 dej'endat,
257 1228 315 1277 non
331 1207 415 1267 modo
434 1204 633 1289 praefidium,
676 1228 735 1289 quo
760 1230 810 1269 nos
831 1228 970 1283 tueatur,
1008 1208 1065 1291 sed

58 1314 95 1353 ne
124 1292 194 1437 qlm'd
213 1292 388 1395 respondeat
415 1292 532 1394 quidem
555 1292 653 1439 ethllqiq,
692 1292 734 1365 fit
754 1298 942 1395 inpenturus.
992 1316 1061 1397 ⁸⁰⁸?

56 1378 462 1548 Zbitcnms'uld,
480 1379 961 1551 'dotet'dblid'ssbidibj
997 1402 1065 1531 32:

54 1550 194 1634 tentasset
223 1550 346 1627 noslram
366 1552 554 1632 juventutem
582 1546 649 1610 laissa
668 1554 700 1610 in
722 1550 864 1613 Euboeam
883 1548 1065 1626 extrahere,-

14 1643 21 1663 Χ
53 1634 207 1719 postquam
236 1657 285 1697 uos
312 1658 403 1717 neque
426 1634 581 1695 decernere
600 1636 633 1697 id
645 1635 707 1709 fibi
727 1634 923 1719 ptacftdiuno,
970 1660 1062 1719 neque

52 1722 125 1784 ualle
149 1722 262 1804 illigari
287 1720 414 1782 Romano
444 1718 516 1781 bello
538 1720 637 1795 vidit,
682 1721 788 1783 oblitus
813 1724 961 1803 societatis
983 1728 1059 1807 ejus,

52 1827 141 1889 quant
176 1824 251 1864 nunc
284 1806 398 1884 jactat,
456 1804 607 1881 uastandos
636 1806 913 1889 depopulandosque
949 1808 1063 1872 Nabidi

52 1913 88 1959 ac
122 1889 354 1947 Lacedaemoniis
381 1886 515 1965 reliquit.
561 1890 603 1947 Ae
629 1890 701 1949 milti
729 1892 845 1971 quidem
863 1896 1061 1959 minione'can.

54 1978 180 2035 ueniens
211 1975 290 2030 iuter
312 1974 345 2050 se
376 1978 470 2031 orstio
498 1970 713 2033 Cleomedontis
741 1975 801 2055 viso
821 1974 876 2049 eesl.
923 1978 1064 2041 Eleoobat

55 2059 220 2121 Ronlanum
253 2054 369 2130 bellum,
415 2072 604 2137 eventumque
640 2058 702 2138 ejus
739 2059 858 2118 eundem
877 2060 974 2138 fore,
1014 2069 1065 2145 qui
1151 2082 1154 2088 ·

52 2147 180 2229 prioris
201 2140 285 2215 belli,
314 2139 396 2223 quod
413 2160 476 2201 curn
493 2137 639 2223 Plcilippo
654 2142 814 2226 gesserint,
832 2144 954 2205 dicebat.
1000 2146 1067 2210 Cur
1157 2206 1164 2223 ,

22 2228 25 2233 ’
54 2236 159 2317 igitur
186 2228 315 2305 nollrum
344 2226 392 2288 ille
421 2225 567 2289 anaxilium
590 2226 688 2307 absens
714 2233 794 2310 petit
820 2235 941 2312 potius,
984 2254 1068 2315 quaese

54 2315 208 2399 praesens,
221 2334 274 2377 nos
303 2334 418 2375 ueteres
437 2312 536 2397 socios
559 2310 650 2386 fimul
677 2314 712 2375 ab
738 2315 852 2379 Nabide
873 2340 904 2377 ae
924 2318 1067 2388 llotnasris

43 2404 202 2470 ¹tueatur?
249 2400 325 2475 Nos,
347 2399 437 2460 dito?
453 2397 529 2481 quid
545 2403 587 2461 ita
608 2399 709 2485 passus
725 2400 763 2481 est
781 2402 931 2465 Eretriam
950 2404 1063 2493 Carys-

57 2506 174 2571 tumque
202 2484 293 2570 capi?
353 2484 406 2546 uid
434 2488 477 2551 ito
501 2505 548 2546 tot
583 2484 735 2567 Tbeffoliae
761 2488 872 2551 urbes?
914 2491 991 2573 quid
1018 2498 1063 2556 ita

59 2572 213 2636 Locridem
237 2509 475 2651 Pbocilemque?
497 2571 634 2652 quideita
657 2595 732 2639 nunc
751 2574 874 2639 Elatiam
891 2584 1064 2663 oppugnari

55 2661 202 2741 patitur?
234 2679 290 2717 eur
315 2656 434 2740 exceffit
444 2654 585 2738 fieucibus
608 2657 703 2741 Epiri
722 2660 917 2745 ,clauslrisque
941 2665 1001 2724 illis
1017 2670 1065 2739 iu·

58 2744 300 2830 expugnabilibus
325 2743 424 2827 super
451 2740 545 2803 Aoum
572 2764 698 2822 attonem,
741 2766 795 2809 aut
814 2754 864 2825 ui,
907 2768 960 2809 aut
974 2769 1066 2829 metu,

57 2850 110 2893 aut
131 2829 298 2905 voluntate,
336 2828 514 2911 relictoque,
551 2850 635 2909 queen
656 2828 814 2908 infidebat,
841 2834 940 2917 sealtu,
981 2842 1066 2914 peni·

59 2937 108 2995 tus
135 2921 166 2977 in
187 2937 309 3001 regnum
332 2916 429 2987 abiit?
474 2914 508 2974 Si
523 2916 578 2997 soa
599 2915 747 2979 voluntate
768 2938 815 2979 tot
832 2922 928 3003 socios
942 2917 1066 3003 reliquit

58 2998 186 3079 looslibu's
213 3000 417 3083 diripiendos,
450 3000 525 3081 quid
548 3003 682 3084 receſsere
706 3003 817 3087 potest,
849 3010 923 3086 quin
946 3023 976 3065 et
988 3010 1066 3089 sccii

53 3084 112 3161 fibi
131 3088 302 3171 consulant?
321 3082 349 3159 fi
368 3104 474 3163 metu,
501 3086 581 3148 nobis
603 3108 719 3169 quoqne
740 3094 868 3175 ignoscat
883 3094 1065 3161 timentibus.

48 3170 206 3251 strictus,
223 3179 314 3235 armis
338 3170 435 3256 ceffit,
464 3172 574 3235 Acbaei
598 3196 678 3237 asma
702 3174 834 3251 Romana
843 3177 1066 3257 sustinebimus,

22 3294 36 3309 =-
61 3258 252 3334 Cleomedon,
281 3280 353 3342 quae
369 3270 430 3340 ¹noi·
450 3256 625 3321 Macedones
645 3280 703 3321 non
717 3261 926 3342 sustinuistis?
947 3267 994 3324 An
1010 3265 1067 3337 tibi

82 3350 162 3409 otius
184 3346 355 3420 credasnus,
386 3342 528 3408 Romanos
550 3367 609 3405 non
630 3340 787 3427 majoribus
806 3353 897 3429 copiis
918 3370 969 3409 nec
989 3352 1069 3414 niti-
1090 3396 1100 3411 .

98 3451 220 3493 suunt
247 3432 350 3495 bellum
378 3452 504 3517 gerere,
546 3451 631 3512 quatu
659 3450 743 3497 antea
763 3435 921 3517 gesserint,
963 3440 1069 3519 pocius

49 3526 143 3600 'quom
173 3538 224 3585 res
256 3516 335 3601 ipsas
368 3518 561 3579 intueamur?
604 3517 727 3577 Aetolos
755 3538 816 3581 tusn
838 3521 921 3605 c'laffie
947 3522 1068 3603 adjaoe·
1116 3558 1119 3563 ·

32 3599 153 3683 'nnete
184 3623 235 3665 nec
259 3606 331 3666 duce
358 3604 520 3685 consulari,
556 3622 609 3671 nec
630 3606 763 3663 exercitu
779 3606 880 3669 bellum
898 3606 1068 3691 gesserunt.-

32 3740 35 3745 .
45 3687 362 3773 sudoruml’bllippe',
381 3693 554 3771 maritimae·
571 3688 711 3775 urbesque
732 3709 854 3773 terrore
879 3714 922 3769 με,
937 3686 1069 3769 cumulem
1095 3719 1097 3723 ·
1129 3698 1140 3709 ''

58 3808 61 3815 ·
99 3768 333 3859 ᾏὶίὶνὶἱιοηι.
353 3770 416 3842 Ill.
467 3770 479 3778 ”
705 3772 755 3837 Ε·
962 3790 1069 3837 erant:
