2354 4140
46 94 141 167 atsso
231 67 465 160 incuntis.
509 99 601 160 cn.
622 100 765 162 xxxin.
780 102 919 163 xxxiv.
972 118 976 127 ·

75 182 1087 212 ffl—-u—-t-——u-——u——u-——an-U--u-

245 258 249 269 ,
317 208 356 264 U.
373 206 409 267 C.
426 209 499 282 571.
617 230 645 266 a.
662 208 697 267 C.
716 208 755 269 N.
779 217 846 273 181.

77 327 292 427 qppugnavit3
310 322 426 388 'donec
449 328 589 386 maxima
611 347 684 410 pars
698 327 934 391 Celtiberorum
949 331 987 392 iu
1003 330 1090 394 dedi·

76 429 199 473 rronem
214 428 311 476 veuit.
591 426 593 431 ’

163 586 301 648 XXXIV.
345 587 480 648 Haecin
495 586 649 649 citeriore
664 587 818 670 Hispania
833 609 871 649 eo
887 608 975 652 anno
996 590 1089 674 gesta.

77 677 118 734 Et
126 674 163 734 in
176 674 349 750 ulteriore,
372 673 512 736 Manlius
528 688 658 756 praetor
679 672 815 734 secunda
830 674 950 757 aliquot
965 680 1091 760 proelis
1127 728 1129 739 .

78 758 441 822 cum-'Lusitanissecin
497 758 643 841 Aquileia
679 763 810 822 colonia
835 763 946 821 Latina
975 765 1090 828 eodem

77 868 166 908 anno
181 847 218 907 in
232 867 306 930 agro
316 849 485 909 Gallorum
501 846 546 907 est
562 846 707 908 deducta.
751 848 813 907 tria
830 848 929 908 millia
944 850 1090 933 pediturn

76 935 302 1016 quinquagena
315 937 439 1017 jugera,
461 933 671 995 centuriones
688 936 824 996 centena
835 972 849 1008 ‚v
865 951 1002 1009 centena
1017 960 1091 1023 qua.

76 1021 221 1105 dragena
243 1022 362 1103 equites
391 1037 605 1101 acceperuut..
652 1021 782 1081 tresviri
802 1020 1028 1103 deduxerunt,
1058 1027 1089 1092 P.

76 1107 247 1173 Cornelius
261 1108 365 1190 Scipio
381 1105 511 1185 Nasica,
539 1109 573 1168 C.
588 1108 779 1183 Flaminius,
800 1111 996 1173 ·L·lllanlius
1011 1112 1087 1173 Aci-

74 1195 182 1256 dinus.
226 1195 332 1257 Aedes
347 1194 427 1256 duae
449 1217 486 1256 eo
508 1212 596 1254 anno
611 1193 775 1256 dedicatae
789 1193 878 1254 sunt:
901 1217 966 1258 una
983 1201 1089 1262 Vene-

74 1283 121 1344 ris
135 1282 297 1360 Erycinae
320 1281 360 1339 ad
382 1298 503 1363 portam
521 1280 696 1341 Collinam:
733 1281 894 1343 dedicavit
909 1285 942 1343 L.
958 1287 1088 1351 Porcius

75 1373 111 1433 L.
128 1371 161 1428 F.
180 1369 307 1431 Licinus
331 1367 490 1429 duumvir.
523 1371 607 1443 (vota
621 1383 689 1429 erat
702 1371 741 1426 ab
757 1369 887 1429 consule
905 1374 939 1431 L.
962 1374 1089 1452 Porcio,

75 1455 238 1536 Ligustino
253 1456 364 1528 bello.)
386 1457 505 1528 altera,
534 1456 572 1515 in
589 1453 659 1515 soro
673 1453 816 1530 olitorio,
839 1457 977 1520 Pietatis.
1016 1481 1085 1521 eam

75 1542 188 1601 aedem
204 1540 367 1602 dedicavit·
380 1543 430 1602 Μ’,
447 1541 570 1604 Acilius
588 1542 721 1602 Glabrio
747 1540 911 1614 duumvir3
940 1543 1087 1607 statuam·

76 1648 137 1708 que
149 1646 301 1702 auratam,
325 1648 404 1708 quae
421 1630 523 1711 prima
539 1628 682 1688 omnium
699 1629 736 1687 in
754 1631 843 1689 ltalia
860 1626 957 1690 statua
973 1650 1085 1697 aurata

75 1714 137 1789 est,
160 1716 241 1796 patri
257 1716 428 1777 Glabrioni
443 1714 554 1799 posuit.
590 1717 620 1775 ls
635 1724 720 1790 erat,
740 1716 793 1796 qui
808 1714 872 1798 ipsc
887 1737 957 1776 eam
972 1720 1083 1783 aedem

65 1814 223 1880 ,voveram
256 1825 317 1884 quo
340 1802 392 1863 die
409 1823 481 1864 cum
504 1823 578 1885 rege
601 1801 764 1862 Antiocho
785 1803 826 1864 ad
849 1804 1083 1889 Thermopylas

76 1888 297 1972 depugnasset:
325 1893 544 1970 locaveratque
558 1886 643 1948 idern
660 1908 700 1949 ex
718 1886 994 1954 senatusconsulto.
1026 1897 1085 1957 Per

74 1976 202 2037 eosdem
216 1977 301 2051 dies,
320 1979 433 2061 quibus
448 1976 508 2035 hae
524 1974 618 2037 aedes
634 1974 798 2037 dedicatae
815 1975 906 2053 sunt,
924 1980 958 2040 L.
976 1978 1083 2043 Aemi.

74 2065 137 2125 lius
155 2065 280 2124 Paullus
307 2062 476 2148 proconsul
493 2083 533 2122 ex
550 2062 717 2144 Liguribus
738 2065 887 2145 Ingaunis
908 2065 1082 2151 triumpha.

7 2165 9 2169 '
74 2150 129 2212 vit.
176 2152 353 2212 Transtulit
368 2168 504 2212 coronas
519 2168 628 2209 aureas
650 2149 791 2231 quinque
809 2166 842 2211 et
857 2151 985 2235 viginti.
1018 2176 1083 2218 nec

73 2224 239 2320 praeterea
257 2237 427 2320 quidquam
449 2237 527 2297 auri<
541 2237 728 2319 argentique
749 2237 840 2299 ineo
860 2239 1028 2322 triumpho
1042 2246 1083 2304 la.

73 2342 151 2386 tum.
171 2325 289 2408 captivi
303 2327 395 2386 multi
411 2325 575 2407 principes
585 2324 732 2407 Ligurum
750 2341 825 2386 ante
838 2345 968 2385 currum
985 2327 1082 2393 ducti.

73 2412 154 2473 aeris
168 2428 316 2472 trecenos
333 2413 487 2473 militibus
502 2407 614 2471 divisit.
651 2408 824 2473 Auxerunt
840 2412 905 2494 ejus
925 2412 1083 2499 triumphi

73 2497 189 2559 samam
212 2499 307 2578 legati
325 2499 492 2581 Ligurum,
522 2518 632 2578 paoem
655 2512 839 2580 perpetuam
860 2515 1006 2563 orantes:
1041 2510 1084 2567 ita

72 2589 106 2643 in
119 2587 240 2643 animum
256 2582 401 2663 induxiffe
419 2582 565 2666 Ligurem
588 2601 719 2667 gentem,
747 2584 825 2645 uulsa
842 2604 971 2667 unquam
988 2588 1080 2661 arnis,

72 2674 129 2730 niz
157 2673 303 2748 imperata
332 2669 483 2751 apopulo
507 2666 653 2745 Romano,
671 2667 797 2752 sumere.
842 2670 1040 2757 Responsum
1062 2700 1082 2741 a

23 2752 26 2765 '
73 2759 113 2834 Q.
140 2756 232 2816 Fabio
257 2772 400 2838 praetore
430 2754 476 2816 est
500 2756 665 2839 Liguribus
684 2755 760 2836 jussu
784 2756 1082 2836 senatus‚10rats'o·

71 2863 212 2904 ueroeam
236 2864 294 2903 non
316 2842 596 2928 nouam-Liguribus
616 2841 688 2924 effe:
717 2861 796 2903 meus
816 2865 888 2905 uero
911 2864 947 2905 at
962 2864 1042 2914 uoua'
1054 2871 1083 2913 er

72 2931 202 2991 orationi
216 2933 385 2992 conveniens
402 2930 481 3013 effic,
498 2930 628 3010 ipsorum
642 2926 676 2989 iel
686 2928 849 3008 plurimum
863 2929 995 3013 referre.
1031 2936 1083 2999 Aa

71 3017 314 3098 consulentem,
346 3036 395 3093 et,
423 3036 495 3097 quar
517 3013 554 3076 ab
575 3017 612 3076 iis
633 3016 779 3095 imperata
799 3014 906 3099 afflat,
928 3018 1083 3100 [κενεὰς.

70 3102 146 3164 nulli
164 3103 233 3180 alii,
260 3122 347 3187 quam
369 3101 549 3185 confestim,
577 3100 704 3181 stratum
718 3100 904 3164 crediturum
926 3104 997 3187 esse,
1020 3107 1083 3183 fin.

71 3208 138 3247 cera
151 3185 212 3266 fisse
227 3194 263 3252 in·
273 3211 344 3272 pace
359 3190 491 3276 tagum
507 3186 575 3271 effe.
621 3189 683 3248 Pax
698 3188 735 3249 in
744 3188 910 3281 Liguribus
926 3191 994 3258 suit.
1042 3202 1084 3262 ln

72 3272 197 3336 Corsica
210 3294 382 3359 pugnatum
399 3276 443 3338 est
459 3295 535 3336 cum
551 3270 664 3338 Corsis.
691 3275 746 3336 ad·
757 3274 820 3337 duo
844 3277 945 3337 millia
967 3286 1084 3349 eoruln

70 3364 115 3422 su.
133 3363 278 3423 Pinarius
294 3382 421 3446 praetor
442 3364 480 3423 in
499 3360 568 3423 acie
589 3358 717 3423 occidit.
746 3382 805 3442 qua
820 3362 910 3429 clade
927 3370 1085 3453 compulfi

70 3445 192 3507 obfides
209 3447 389 3528 dederunt3
416 3468 447 3512 et
461 3467 556 3511 cerae
569 3464 701 3508 centum
716 3447 819 3508 millia
834 3449 953 3530 pondo.
998 3460 1084 3525 lude

69 3535 105 3596 in
122 3533 299 3596 Sardiniam
313 3539 471 3600 exercitus
490 3535 620 3609 ductus,
641 3549 674 3596 et
693 3557 766 3596 cum
784 3534 963 3617 llienfibus3
983 3563 1083 3627 gem·

68 3641 112 3682 ne
128 3641 218 3682 nunc
234 3622 360 3703 quidem
371 3626 457 3687 omui
467 3639 556 3704 parte
564 3637 682 3704 pacata,
696 3621 832 3685 secunda
846 3627 971 3705 proelia
985 3630 1082 3699 sacta,

69 3708 515 3794 Carthaginiensibus-eodem
534 3728 624 3772 anuo
646 3723 777 3799 centum
798 3708 921 3775 obsides
947 3719 1084 3803 redditi,

772 3872 775 3876 .
886 3812 907 3891 j
953 3826 1079 3903 paoem·
