2354 4140
246 100 406 181 tinen
427 115 549 177 xxxv.
594 116 679 186 cn.
701 116 827 177 xxxn.
900 116 940 123 ··
979 126 1044 191 ,ος

841 196 1045 219 m

141 348 271 407 XXXII.
301 345 402 426 Hujus
428 345 607 416 orationem
628 341 813 403 suliseeutao
825 346 1042 422 multitudinis

29 436 146 523 preces
168 431 268 492 sunt.·
296 430 497 511 Eurylochus
521 430 713 490 arconcitio
727 430 896 493 itineribus
910 434 1042 495 occultis

23 510 79 587 ad
98 537 244 606 portam,
275 535 367 599 atque
389 517 470 578 inde
490 519 638 601 protinus
658 517 695 575 in
716 514 874 577 Aetoliam
891 518 1041 603 profugit.

31 614 106 675 iam
128 609 234 681 enhn,
263 622 294 665 et
314 604 349 665 id
362 607 460 688 magis
473 606 511 665 in
526 603 610 679 dies,
632 600 739 663 Aetoli
752 601 967 666 defectionem
980 628 1040 665 nu-

32 698 173 759 dabant:
197 714 296 775 eoque
319 690 386 773 ipso
401 692 484 752 forte
499 707 642 773 tempore
656 690 780 765 Thoas,
800 693 953 777 princeps
966 714 1041 775 gen-

36 778 91 861 tis,
105 776 219 864 '‘qu'em
239 778 393 839 miserant
415 777 456 837 ad
480 774 693 853 Antiochum,
720 777 885 855 redierat,
900 778 1043 861 indeque

35 870 229 953 Menippum
242 866 348 927 lecum
363 864 549 942 adduxerat,
571 865 655 947 regis
670 865 816 947 legatum.
852 866 925 945 Qui,
940 869 1043 950 prius&

10 1020 13 1026 ,
35 978 132 1041 quam
152 954 330 1034 concilium,
339 953 378 1013 iis
395 952 535 1027 daretur,
558 952 773 1033 impleverant
787 954 936 1012 omnium
950 972 1044 1015 aures

33 1040 200 1106 terrestres
223 1041 416 1120 navalesque
436 1039 550 1121 copias¹
565 1039 865 1116 commemorando;
895 1038 1045 1123 ingentem

32 1136 95 1193 uita
110 1153 117 1169 ··
131 1122 265 1212 peditum
299 1130 485 1209 equitumque
514 1131 637 1185 venire:
680 1147 717 1184 ex
746 1123 831 1187 ludia
858 1124 1044 1207 elephantos:

30 1236 105 1279 autc
119 1220 223 1275 omnia
239 1216 315 1296 (quo
340 1215 480 1274 maxime
499 1214 623 1275 moveri
637 1211 813 1271 credebant
826 1212 1043 1277 multitudinis

34 1292 181 1378 animos)
206 1294 317 1362 tautum
346 1296 452 1360 advehi
479 1302 566 1369 auri,
610 1318 647 1363 ut
673 1298 750 1382 ipsos
782 1320 875 1361 emere
898 1300 1045 1363 Romanor

35 1384 138 1472 p'osfit.
185 1382 384 1479 Apparebat,
422 1385 501 1469 quid
523 1408 560 1447 ea
580 1387 680 1447 oratio
700 1388 738 1447 in
759 1390 896 1451 concilio
917 1404 1044 1449 motura

36 1475 124 1553 esset.
146 1496 224 1535 nam
238 1490 270 1534 et
283 1474 405 1536 'venisse
426 1495 495 1551 eos,
518 1490 566 1551 et,
589 1495 669 1557 quae
685 1490 833 1555 agerent,
856 1477 965 1553 omnia
978 1476 1044 1535 R'o·

34 1564 142 1626 manis
156 1562 265 1644 legatis
283 1560 525 1621 deferebantur:
550 1578 590 1636 et,
612 1578 795 1642 quanquam
809 1584 911 1645 prope
928 1561 1045 1624 abscisa

37 1671 89 1712 res
104 1666 181 1724 erat,
201 1666 312 1706 tamen
326 1650 453 1715 nonab
466 1669 504 1707 re
518 1646 581 1707 elle
596 1648 748 1725 Quinctio
760 1648 858 1709 vilnrri
873 1648 927 1726 est,
949 1648 1043 1710 [deio-

36 1758 111 1797 rum
133 1738 254 1815 aliquos
274 1734 390 1813 legatos
412 1731 564 1816 interelle
586 1734 616 1791 ei
634 1735 788 1807 concilio,
819 1738 873 1815 qni
893 1736 1045 1795 admone-

36 1838 115 1884 rent
130 1824 299 1879 Romanae
311 1818 465 1877 loeietatis
479 1814 617 1892 Aetolos,
632 1819 687 1898 qui
701 1840 812 1878 vocem
826 1822 960 1881 liberem
973 1824 1048 1891 mit-¹

38 1926 110 1967 tere
135 1901 282 1965 adversus
296 1904 377 1984 regis
391 1903 529 1984 legatum
549 1900 714 1962 auderent.
755 1904 969 1967 Athenienses
981 1930 1045 1967 ma·

38 1993 130 2056 xime
150 1992 188 2051 in
207 2008 278 2049 eam
302 2010 374 2047 rem
397 1987 510 2048 idonei
529 1987 584 2061 til-i
601 1987 690 2062 suan,
718 1998 851 2072 p'topter
868 2006 900 2050 et
913 1994 1047 2053 ciuitatis

39 2079 248 2163 (lignitatem,
261 2108 264 2117 ·
279 2090 311 2134 et
332 2074 483 2137 vetustam
498 2073 678 2134 societatem
692 2096 764 2134 eum
778 2074 909 2137 Aetolis.
955 2082 994 2137 ab
1007 2080 1048 2137 iis

39 2166 212 2244 Quinctius
229 2162 336 2245 petiit,
366 2179 402 2221 ut
423 2163 541 2244 legatos
563 2160 604 2220 ad
619 2163 854 2223 Panaetolicum
875 2164 1058 2225 concilium'

39 2254 215 2315 mitterent.
239 2250 345 2309 Tlioas
368 2249 492 2332 primus
515 2249 552 2309 in
579 2269 617 2307 eo
640 2250 776 2309 coneilio
790 2252 991 2313 renuntiavit
1004 2252 1059 2331 le..

39 2341 211 2424 gationem.
254 2337 427 2419 Menippus
453 2333 522 2418 post
551 2355 624 2394 eum
649 2336 860 2414 intromissus,
896 2339 1049 2419 Optimum

35 2424 132 2509 fuisse
161 2418 307 2496 omuibus,
343 2416 395 2502 q'ut'
432 2420 585 2483 Graeciam
608 2418 761 2503 Aliamque
782 2422 959 2500 incolerent,
990 2410 1059 2501 'aia'
1114 2450 1119 2457 ·

39 2514 181 2596 integris
206 2507 293 2568 rebus
323 2505 461 2589 Pttttp'pt
485 2505 614 2589 potuiffe
640 2512 823 2571 interuenire
853 2509 1048 2573 Antiochum:

33 2598 92 2683 suta
116 2614 258 2678 quemque
287 2591 455 2655 habiturum
477 2592 604 2677 fuiffe,
633 2600 725 2677 neque
754 2604 848 2659 outaia
862 2598 920 2682 sal
942 2618 1049 2659 nutum

44 2684 239 2764 ditionemque
262 2678 416 2742 Romanam
437 2699 631 2762 perventura.
676 2680 908 2766 Nunequoque,
929 2688 1045 2771 inquit,

37 2768 167 2844 fi'modo
189 2788 258 2849 uos,
279 2788 351 2849 quae
376 2764 542 2845 inchoastis,
563 2765 680 2840 confilia
700 2768 866 2847 constanter
884 2772 1048 2849 perducitis

41 2856 235 2931 aderitum,
274 2856 408 2935 poterit,
447 2854 522 2915 Diis
536 2853 733 2938 juvantibus,
767 2875 797 2916 et
819 2857 931 2917 Aetolis
945 2859 1046 2939 sociis,

44 2938 205 3003 Antiochus
237 2944 371 3021 quamvis
405 2940 556 3001 inclinatas
591 2938 731 3003 Graeciae
758 2964 808 3003 res
833 2941 987 3019 restituere
1016 2950 1048 3007 in

40 3012 201 3112 prostitui·
221 3020 413 3111 dignitatem.
458 3024 501 3088 Ea
525 3044 623 3088 autem
651 3030 682 3087 iu
712 3022 848 3090 liber'iate
875 3028 972 3111 posita
998 3030 1048 3106 all,
1080 3098 1083 3103 ,

43 3108 259 3195 quaesqi's'stat
271 3111 408 3187 uiribus,
431 3124 488 3173 uota
505 3134 542 3172 ex
553 3110 645 3174 alieno
662 3113 793 3175 arbitrio
812 3117 931 3195 pendet.
950 3118 1048 3177 Ath'e-
1081 3182 1084 3187 ,

42 3198 189 3286 nienles,
226 3200 337 3282 quibus
359 3200 488 3282 primia,
520 3196 592 3282 post
612 3200 733 3282 regiam
755 3201 965 3283 legationem,
1002 3204 1048 3264 di-

42 3286 157 3365 cendi,
187 3308 268 3368 quae
288 3287 426 3362 vellent,
446 3284 582 3369 potestas
597 3284 678 3344 lacta
693 3286 753 3363 est,
775 3290 942 3349 mentione
957 3294 1048 3353 omni

42 3376 125 3456 regis
140 3371 381 3456 praetermissa,
404 3375 572 3432 Romanae
587 3370 739 3433 societatis
752 3373 899 3452 Aetolos,
921 3380 1047 3439 merito-

41 3480 180 3541 rumque
197 3460 236 3521 ln
252 3457 433 3520 universati
449 3459 618 3519 Graeciam
635 3461 673 3517 T.
692 3462 851 3539 Quinctii,
874 3460 1058 3541 admonete-n

41 3562 161 3619 runt,·-.
178 3564 340 3621 sermm
361 3544 425 3605 'eam
445 3532 594 3607 celeritate
616 3549 705 3605 nimiu
728 3538 912 3620 eoofiliorum
936 3569 1049 3625 euerte-
1076 3608 1079 3616 ,

40 3642 146 3711 reita.¹
172 3626 298 3719 §aufidia
316 3629 410 3692 calida
433 3649 463 3689 et
482 3629 604 3690 audacia
624 3635 724 3712 prima
741 3634 847 3718 special
865 3635 960 3711 laeta,
988 3622 1064 3715 tea-7
1087 3638 1093 3655 ¹
1161 3684 1164 3689 .

10 3782 15 3789 .
40 3712 245 3802 ammedera,
273 3732 382 3781 eatur
397 3713 511 3795 ,tastu
531 3715 619 3803 assir
641 3712 756 3809 tegam
784 3720 958 3799 Ronanus,
985 3722 1083 3785 etna

467 3808 471 3813 '
649 3840 652 3847 -
698 3824 703 3833 ·
1050 3808 1095 3869 'tis
