2354 4140
239 220 284 279 ·U·
301 220 335 278 C
346 223 424 288 555·

55 410 58 415 Ι
133 413 137 417 ⁴
175 343 233 403 tv.
262 337 421 420 Accepttte
442 338 484 400 ad
504 336 609 399 Aoum
631 338 755 399 flumen
774 339 811 399 in
828 336 978 420 angustiis
996 335 1091 415 cladi,

10 484 14 495 .
65 428 184 493 territa
202 424 416 487 Macedonum
432 424 609 508 phalange,
634 422 675 487 ed
694 422 841 486 Atracem
858 425 889 487 vi
906 422 1011 506 pulsos
1027 424 1094 483 Ro·

66 534 186 580 manos
209 514 412 595 opponebat:
440 531 470 571 et
484 511 545 573 ilic
560 527 672 588 taetre,
695 510 745 573 ubi
765 511 877 594 inseffes
894 509 995 590 fauces
1013 507 1092 591 Epi-
1109 528 1118 545 -·

66 608 102 669 ,π’
117 621 178 663 non
196 597 371 679 tenutffmt,
400 602 524 680 primatu
541 598 658 681 culpem
668 598 764 682 scissi
779 617 896 671 eorum,
919 601 972 681 qui
994 594 1090 681 negli-

89 679 179 751 'eeter
200 683 340 761 castrum
355 684 535 768 sereaffine:
574 683 743 764 secundem,
783 690 814 746 in
837 684 899 768 ipso
922 687 1089 755 certamine,

63 711 143 839 ‘setis
172 791 342 835 armaturae
371 775 675 854 mercenariorumque
704 769 842 833 militem.
894 766 1119 841 Macedonem,

65 883 142 925 nero
160 855 336 942 pbalangem
352 875 382 917 et
397 855 597 943 teacstetiffi.
621 879 650 919 et
662 856 724 945 lece
738 878 827 941 ecquo
835 855 973 941 justeque
988 875 1088 940 pugne

58 954 183 1035 perper
203 943 363 1027 mensuram
380 946 525 1007 invictum.
568 944 691 1008 Decem
708 948 744 1006 'et
764 944 819 1007 sex
833 944 933 1007 millia
949 941 1087 1003 militum

24 1037 28 1044 ’
64 1039 148 1103 haee
167 1032 276 1106 suere,
303 1034 402 1091 robur
422 1052 522 1095 omne
541 1032 657 1093 virium
673 1048 707 1097 et
719 1034 824 1116 regni.
867 1029 920 1095 Ad
940 1030 1002 1089 hoc
1020 1027 1085 1089 duo

36 1122 169 1195 ,millia
191 1134 399 1194 cetratorum,
430 1139 507 1199 quos
529 1118 675 1200 peltastas
699 1122 882 1203 appellant,
910 1117 1087 1177 Threcum-

46 1230 132 1292 ·que
146 1222 177 1267 et
198 1204 382 1285 Illyriorum
404 1202 546 1277 (Trallis
565 1226 688 1265 nomen
702 1204 747 1267 est
761 1205 872 1291 genti)
894 1226 953 1289 par
973 1221 1085 1262 nume·
1143 1244 1146 1249 -

67 1315 127 1356 rue
138 1293 212 1353 bitte
226 1291 327 1351 millia
341 1306 452 1367 erant,
477 1306 509 1352 et
521 1291 614 1353 mixti
627 1312 668 1353 ex
681 1293 825 1375 plutibtts
839 1294 987 1377 gentibus
1002 1308 1086 1349 mer-

70 1378 149 1443 cede
160 1374 311 1441 conducti
324 1378 494 1441 auxiliares
511 1378 600 1440 mille
615 1378 734 1456 ferme,
757 1397 788 1443 et
802 1382 866 1443 duo
880 1378 984 1441 millia
995 1372 1084 1457 equi·
1151 1382 1162 1393 ⁸

66 1483 147 1532 tum.
188 1468 269 1527 Cum
291 1464 331 1524 iis
352 1465 452 1548 copiis
469 1485 529 1525 rex
549 1464 671 1527 hostem
689 1468 921 1551 opperiebatur.
966 1464 1083 1523 Rome·

62 1554 118 1616 nit
142 1552 243 1615 ferme
272 1573 331 1634 par
353 1572 506 1613 numerus
528 1568 614 1628 erat,
654 1552 799 1634 equitum
820 1554 919 1639 copiis
942 1565 1080 1627 tantun,

61 1640 151 1727 quod
168 1636 276 1719 Aetoli
292 1636 504 1715 accesserant,
526 1638 732 1724 superabant.

99 1842 102 1846 ·
165 1814 207 1874 V.
229 1808 399 1887 Quinctius
415 1810 457 1870 ad
471 1810 598 1873 Thebas
608 1812 802 1875 Phthioticas
817 1811 1002 1875 castratum
1012 1830 1078 1873 me

11 1936 29 1977 Ι,
59 1895 179 1969 visset,
214 1893 303 1975 spem
325 1911 437 1967 nactus
464 1915 523 1975 per
547 1897 718 1957 Timonem
739 1899 926 1983 principem-
941 1896 1079 1959 civitatis

60 1980 164 2066 prodi
185 1981 316 2053 urbem,
349 2001 422 2038 cum
441 1979 549 2060 paucis
570 1982 715 2061 equitum
736 1984 877 2063 levisque
903 1998 1080 2045 armaturae

60 2066 107 2128 ad
123 2084 231 2124 muros
251 2062 405 2127 successit.
448 2063 499 2124 Ibi
514 2064 597 2125 adeo
610 2063 757 2127 frustrata
776 2065 847 2150 spes
868 2065 932 2141 est,
951 2082 989 2125 ot
1006 2084 1081 2127 nott

57 2150 228 2232 certamen
248 2150 345 2211 modo
360 2173 432 2211 curn
446 2151 706 2235 erumpentibus,
733 2151 789 2214 sed
809 2150 987 2236 perieulum
1005 2171 1082 2232 quo·

58 2250 128 2323 que
140 2254 233 2298 atrox
247 2236 367 2299 subiret
375 2260 387 2297 ε.
412 2239 450 2299 ni
464 2237 571 2301 castris
586 2239 684 2300 exciti
702 2255 838 2324 repente
850 2237 974 2322 pedites
994 2235 1081 2317 equi·

58 2343 169 2407 tesque
185 2324 223 2384 in
242 2341 383 2408 tempore
397 2324 626 2387 subvenissent.
671 2325 714 2387 Et
726 2326 891 2410 postquam
906 2326 992 2387 nihil
1005 2343 1082 2385 cott-

14 2416 31 2469 ’.
57 2429 170 2496 ceptae
185 2428 304 2473 temere
316 2411 382 2495 spei
396 2411 595 2495 succedebat,
615 2412 701 2476 urbis
716 2412 847 2496 quidem
860 2413 994 2495 amplius
1009 2426 1080 2473 ten·

14 2546 24 2575 ¹.
56 2497 180 2578 tantiae
190 2499 228 2558 in
242 2497 422 2581 praesentia
436 2497 693 2574 conatuablistit3
710 2517 850 2563 ceterum
860 2499 932 2560 satis
945 2484 1076 2582 gnaris,

57 2584 178 2671 jamin
195 2583 354 2646 Thessalia
368 2604 475 2667 regem
492 2584 575 2661 esse,
601 2584 753 2648 nondum
772 2604 951 2670 comperto,
979 2604 1077 2671 quam

58 2674 99 2734 in
112 2671 279 2753 regionem
298 2668 457 2748 venisset,
476 2672 593 2734 milites
613 2695 672 2756 per
688 2694 780 2755 agree
795 2672 935 2734 dimissos
956 2676 1076 2734 vallum

56 2758 197 2821 caedere
209 2774 240 2819 et
253 2759 476 2841 patareiubet.
499 2761 596 2820 Vallo
605 2758 838 2822 etlllacedones
854 2776 886 2822 et
899 2759 1017 2820 Graeci
1029 2754 1075 2835 uli

53 2844 154 2920 sunt3
182 2844 238 2905 sed
258 2843 349 2904 usum
365 2866 430 2906 nec
442 2842 485 2905 ed
506 2844 761 2907 commoditatem
779 2845 930 2920 terendi,
948 2866 1012 2905 nee
1032 2840 1076 2907 ati

55 2926 155 3014 ipsius
170 2931 360 2993 munitionis
376 2931 614 3016 firmamentum
629 2948 831 3016 aptaverunt.
872 2931 957 2993 Nam
971 2946 1002 2991 et
1012 2951 1079 2991 ma·

13 3052 16 3061 ·
59 3017 146 3101 joret
168 3035 200 3080 et
223 3019 321 3101 magis
342 3016 479 3091 ramosas
501 3023 629 3080 arbores
648 3018 844 3096 caedebant,
882 3038 977 3100 quam
998 3035 1076 3099 quat
1150 3044 1153 3049 ·

25 3172 29 3177 ,
57 3101 148 3165 serre
163 3127 234 3179 cum
250 3104 453 3167 armitmiles
471 3104 595 3189 posset;
618 3121 650 3167 et
666 3127 739 3167 etun
751 3104 854 3167 e'estre
864 3104 915 3165 his
930 3119 1005 3166 ante
1022 3106 1077 3164 ob·

57 3189 153 3276 jectis
168 3190 351 3275 sepsissent,
371 3190 473 3253 facilis
492 3192 615 3254 molitio
630 3214 741 3254 eorum
754 3191 830 3254 valli
844 3200 924 3251 crat:
953 3213 1030 3252 nam
1043 3204 1078 3252 et

58 3272 137 3359 quia
156 3277 222 3339 rari
235 3277 357 3361 stipites
372 3298 562 3361 magnarum
583 3282 730 3341 arborum
747 3277 951 3356 eminebant,
973 3275 1078 3339 multi-
1115 3324 1118 3329 -

22 3370 24 3375 '
57 3384 124 3446 que
138 3379 171 3424 et
183 3362 283 3439 validi
296 3366 377 3425 rami
390 3369 608 3448 praebebant,
636 3364 723 3448 quod
739 3379 825 3426 recte
838 3386 937 3425 manu
950 3384 1078 3450 capere·

33 3464 132 3526 ¹tur,
167 3449 250 3528 duo,
284 3468 337 3511 aut
357 3451 515 3515 summum
538 3470 603 3514 tres
628 3453 762 3536 juvenes
783 3449 906 3512 connisi
930 3456 1078 3513 arborem

55 3557 161 3599 unam
175 3539 367 3600 evellebant.
391 3535 453 3621 qua
464 3538 587 3614 evulsa,
607 3554 717 3621 portae
731 3536 833 3599 instar
847 3541 1008 3622 extemplo
1024 3554 1078 3615 ραι

56 3626 167 3711 tebet,
193 3645 257 3685 nec
270 3625 309 3685 in
320 3642 450 3710 promtu
465 3640 553 3702 erat,
565 3624 659 3706 qued
676 3625 925 3688 obmoliretttur..
962 3622 1079 3682 Roma·

28 3754 31 3761 .
55 3711 288 3791 nus-lerant
306 3710 446 3779 bifurcos
462 3714 658 3801 plerosque,
693 3731 730 3783 et
747 3713 871 3797 trium,
907 3725 989 3790 aut,
1020 3724 1100 3859 exunt
1139 3758 1144 3769 ,

70 3812 78 3821 a
107 3820 111 3825 .
219 3824 222 3829 ,
301 3809 304 3813 ·
421 3834 425 3841 Ι
595 3804 622 3874 F
639 3800 667 3893 4
945 3842 950 3855 ἱ
1009 3812 1122 3885 zm-
