2354 4140
132 189 135 196 ,
214 92 553 198 ἰᾸΒἙΒΧΧΧνη
593 130 924 194 channen.
979 136 1082 208 «317

214 252 220 265 ·
289 238 330 298 U.
350 238 383 297 C.
406 240 480 319 563,
633 258 661 298 a.
685 239 718 297 C.
741 238 783 297 N.
812 244 881 321 189.

153 359 268 418 tvm.
315 358 611 425 Centummillium
623 359 742 418 mulcta
756 359 893 443 irrogata
906 373 985 419 erat.
1028 358 1083 417 bis·

64 443 108 508 de
121 465 159 504 ea
172 463 208 503 re
224 461 378 506 certatmn
392 445 445 508 est.
489 447 600 522 tertio,
623 468 697 505 curn
717 445 757 505 de
772 448 927 527 petitione
949 441 1077 507 destitis-

63 531 111 594 set
123 551 213 607 reuS,
233 553 297 592 nec
310 533 447 617 populus
463 531 503 593 dc
516 534 635 593 mulcta
656 531 843 614 suffragium
859 531 945 592 serre
966 532 1076 605 voluit,

65 637 98 680 et
111 620 235 681 tribuni
256 640 293 681 eo
309 621 437 702 negotio
453 618 651 682 destiterunt.
682 618 836 681 Censores
850 622 889 680 T.
909 619 1077 697 Quinctius

12 759 16 765 .
65 707 286 787 Flamininus,
308 709 343 768 M
372 705 519 767 Claudius
534 708 710 771 Marcellus
725 707 832 767 creati.
876 709 935 766 Per
949 702 1082 775 eosdem

65 793 135 859 dies
150 795 184 854 L.
202 792 341 854 Aemilio
355 795 498 876 Regillo,
518 796 573 875 qui
593 794 686 856 classe
706 792 904 877 praesectum
925 789 1079 853 Antiochi
1101 852 1112 865 ,ι
1153 824 1158 841 ·-

64 881 148 964 regis
162 878 338 955 devicerat,
354 897 443 940 extra
456 883 571 941 urbem
585 884 622 943 in
637 880 715 940 aede
729 879 891 965 Apollinis
903 901 976 939 cum
990 878 1079 939 sena-

66 986 118 1027 tus
141 966 230 1027 datus
254 966 347 1043 esset,
372 966 486 1032 auditis
507 968 603 1029 rebus
624 967 714 1051 gestis
740 969 824 1051 ejus,
860 966 987 1049 quantis
1005 986 1080 1025 eum

66 1052 211 1116 classibus
225 1053 362 1117 hostium
378 1051 563 1129 dimicasset,
583 1073 658 1137 quot
674 1053 753 1115 inde
769 1073 868 1115 naves
886 1050 1080 1113 demersisset

66 1156 121 1218 aut
136 1139 280 1225 cepisset,
304 1160 421 1224 magno
436 1139 593 1201 consensu
601 1146 740 1209 'Patriam-
755 1142 936 1243 triumphus
956 1140 1079 1201 navalis

67 1227 115 1289 est
135 1227 288 1288 decretus.
333 1228 557 1312 Triumphauit
573 1227 727 1290 Kalendis
745 1228 933 1291 Februariis.
978 1222 1015 1288 in
1039 1247 1080 1286 eo
1103 1264 1106 1269 -

67 1312 232 1399 triumpho
253 1313 573 1399 undequinquaginta
604 1308 742 1377 coronae
770 1336 884 1375 aureae
906 1316 1079 1379 translatae

68 1401 159 1462 sunt:
181 1402 318 1485 pecunia
331 1424 534 1485 nequaquam
549 1419 653 1480 tanta,
681 1426 740 1488 pro
758 1401 861 1485 specie
874 1403 954 1483 regii
968 1402 1085 1460 trium·-

57 1488 146 1573 *phi3
165 1488 401 1550 tetradrachma
422 1488 526 1550 Attica
547 1492 678 1574 triginta
702 1507 837 1572 quatuor
849 1490 940 1550 milla
961 1487 1078 1571 septin-¹

68 1592 184 1658 genta,
208 1571 379 1659 cistophori
395 1593 523 1651 centum
541 1579 671 1660 triginta
684 1599 786 1637 unum
810 1578 911 1637 millia
930 1575 1077 1635 trecenti.

70 1663 322 1746 Supplicationes
336 1661 456 1722 deinde
472 1661 603 1724 suerunt
617 1686 659 1725 en
672 1660 958 1738 senatusconsulto,
992 1658 1079 1742 quod

70 1751 104 1810 L.
127 1747 282 1808 Aemilius
298 1745 340 1809 'in
354 1750 509 1831 Hispania
523 1749 677 1833 prospere
690 1751 919 1832 rempublicam
937 1747 1078 1832 gestisset.
1121 1820 1124 1825 .

10 1858 16 1866 ·
72 1831 168 1893 Haud
182 1835 225 1894 ita
239 1834 339 1894 multo
353 1834 423 1916 post
437 1835 471 1894 L.
487 1836 592 1918 Scipio
613 1835 654 1896 ad
668 1839 782 1895 urbem
797 1835 896 1895 venit.
942 1837 1012 1917 qui,
1033 1856 1079 1893 ne

72 1920 260 2000 cognomini
274 1917 380 1981 fratris
397 1920 541 1997 cederet,
564 1920 734 1983 Astaticum
749 1921 779 1981 se
796 1921 948 2004 appellari
970 1922 1078 1983 voluit·

71 2005 114 2065 Et
128 2005 165 2065 in
179 2005 308 2082 senatu',
332 2021 362 2067 et
376 2007 414 2067 in
429 2009 586 2067 concione
602 2007 643 2068 de
658 2012 753 2069 rebus
770 2011 809 2067 ab
829 2007 862 2067 se
882 2005 972 2088 gestis
990 2005 1053 2067 diss
1069 2043 1080 2056 -

70 2091 145 2152 ruit.
187 2092 307 2168 Erant,
330 2094 385 2175 qui
404 2091 490 2152 fama
503 2094 538 2154 id
551 2096 651 2178 majus
668 2096 805 2171 bellum,
829 2115 925 2175 quam
948 2091 1080 2153 difficul-

70 2195 134 2238 tate
150 2180 207 2256 rei,
222 2177 315 2241 fuisse
330 2181 640 2264 interpretarentur3
660 2203 734 2253 uno
743 2180 944 2241 memorabili
958 2178 1081 2263 proelio

71 2264 285 2342 debellatum,
321 2268 517 2350 gloriamque
541 2269 607 2351 eius
628 2267 1020 2350 victoriaepraelloratam
1041 2262 1083 2325 ad

43 2409 45 2413 ,
71 2353 306 2435 Thermopylas
327 2352 400 2427 effa
444 2357 592 2415 Ceterum
612 2352 682 2416 sere
702 2355 881 2416 aestimanti
903 2353 1082 2414 Aetolicum

56 2439 169 2523 ,magis
183 2438 224 2498 ad
236 2441 470 2523 Thermopylas
483 2444 615 2518 bellum,
636 2464 732 2525 quam
746 2443 866 2525 regium
883 2440 950 2501 suit.
997 2442 1088 2518 Qum·

71 2541 104 2585 ta
129 2527 218 2586 enim
241 2543 331 2608 parte
356 2528 472 2588 virium
493 2528 620 2593 suarum
642 2531 687 2592 ibi
704 2528 865 2590 dimicavit
879 2525 1080 2587 Antiochus?

71 2613 108 2673 in
133 2611 206 2672 Asu
227 2614 321 2674 totius
340 2612 431 2674 Asiae
453 2614 608 2676 steterunt
629 2617 730 2693 vires,
751 2619 792 2677 ab
809 2616 912 2693 ultimi
938 2608 1102 2677 Orientis.

70 2700 213 2790 partibus
231 2702 377 2763 onmium
392 2704 537 2785 gentium
554 2705 723 2771 contractis
746 2700 879 2765 auxiliis.

52 2925 54 2929 .
157 2871 236 2931 LIX.
273 2875 398 2936 ,Merito
420 2896 495 2957 ergo
518 2892 551 2934 et
570 2877 643 2937 Diis
665 2877 914 2952 immortalibus,
943 2888 1081 2955 quantus

11 3000 13 3004 ,
73 2958 229 3020 :traximus
255 2978 379 3044 poterat
388 2982 407 3039 ,·
434 2961 560 3022 habitus
582 2962 625 3025 est
647 2963 770 3039 honos,
806 2959 893 3044 quod
913 2961 1088 3042 ingentem,

59 3042 236 3105 mictoriam
254 3046 383 3111 facilem
407 3048 501 3109 etiam
526 3048 690 3125 fecissent,
711 3065 743 3109 et
761 3048 950 3132 imperatori
971 3049 1080 3112 trium-

19 3152 24 3161 ·
71 3116 155 3213 plius
177 3132 222 3192 est
241 3131 397 3196 decretus.
442 3136 667 3220 Triumphauit
680 3133 790 3195 mense
811 3134 996 3197 interalario
1018 3135 1081 3216 pri⁴

71 3216 124 3278 die
144 3214 307 3282 Kalendas
330 3222 469 3282 Martias
513 3225 568 3305 qui
590 3222 771 3304 triumphus
785 3218 960 3302 spectaculo
976 3221 1080 3280 oculo·

69 3318 145 3363 rum
157 3304 277 3388 major,
299 3330 394 3390 quam
408 3306 557 3376 Africani
571 3308 677 3369 fratris
692 3309 773 3391 ejus,
792 3305 870 3385 suit·,
890 3306 1080 3367 recordatio·

71 3408 116 3449 ne
129 3411 240 3453 rerum
256 3410 287 3455 et
303 3392 518 3475 aestimatione
527 3396 661 3479 periculi
673 3394 917 3477 certaminisque
931 3416 1003 3454 non
1018 3414 1082 3453 rna·

57 3475 119 3561 =gis
133 3479 385 3563 comparandus,
405 3481 539 3564 quamsi
559 3484 785 3564 imperatorem
807 3482 1006 3563 imperatori,
1029 3490 1088 3539 aut.

72 3559 272 3629 Antiochum
284 3566 400 3629 ducem
416 3566 594 3631 Hannibali
609 3565 783 3628 conferres.
817 3568 905 3628 Tulit
922 3568 959 3628 in
973 3569 1081 3627 triumt
1130 3622 1134 3627 .

71 3649 139 3732 pho
152 3648 242 3732 signa
249 3655 402 3727 'militaria
421 3653 559 3715 ducenta
572 3655 704 3737 triginta
717 3671 848 3735 quatuor
860 3679 869 3730 ·,
891 3651 1083 3736 oppidorum

72 3736 382 3829 simulactacentum
397 3742 526 3826 triginta
539 3758 695 3826 quatuor3
708 3744 876 3813 eltumeos
884 3734 1106 3885 dentespnbbe

215 3852 217 3857 ⁴
682 3850 685 3855 '
1020 3838 1128 3877 thetm-
