2354 4140
101 136 165 207 562
273 126 431 195 LIBER
453 126 550 187 XLII.
596 128 646 185 (aa
659 146 683 185 r.
706 125 816 185 Llilll.
834 125 943 185 Lxlv.

100 209 522 303 *W
652 230 790 289 acu.
809 244 879 305 171.

103 374 237 443 poterat.
282 354 353 437 lpse
373 356 414 413 ab
437 373 474 411 ea
494 368 603 435 parte,
633 372 695 431 qua
715 349 798 411 duae
820 365 942 425 turres,
971 349 1121 433 quodque

103 448 191 507 inter
209 463 260 502 eas
283 442 370 501 muri
385 456 553 521 prorutum
570 436 693 514 fuerat,
719 436 784 497 duo
796 438 898 498 millia
911 437 1051 497 militum
1067 436 1121 497 de-

103 535 259 592 lectorum
281 527 442 601 admovit3
474 541 508 584 ut
530 522 819 608 eodemtempore,
846 520 909 607 quo
931 523 999 606 ipse
1016 542 1118 585 trans-

104 615 258 679 scendere
273 616 385 674 ruinas
399 626 580 686 conaretur,
599 609 758 671 concursu
773 609 922 671 adversus
940 610 971 669 fe
989 610 1121 694 oppida-

103 726 222 766 norum
238 700 332 776 facto,
348 698 437 759 scalis
453 718 551 759 vacua
565 695 790 757 defensoribus
798 700 929 757 moenia
944 700 1017 781 capi
1029 714 1121 781 parte

103 792 209 872 aliqua
222 786 359 871 possent.
406 783 501 845 Haud
516 782 656 866 segniter
671 784 829 867 oppidani
844 786 909 846 vim
927 782 993 865 ejus
1010 806 1120 845 arcere

102 892 228 960 parant.
258 894 337 933 nam
351 871 446 955 super
461 870 591 931 stratum
605 871 709 931 ruinis
722 873 846 947 locum,
870 870 1005 931 fascibus
1022 872 1122 934 aridis

103 964 341 1023 sarmentorum
354 958 492 1041 injectis,
507 955 626 1017 stantes
639 978 714 1017 cum
729 958 917 1018 ardentibus
934 957 1059 1019 facibus
1075 979 1123 1017 ac-

103 1047 254 1111 censuros
270 1068 308 1107 ea
321 1046 353 1107 se
365 1044 461 1127 saepe
475 1045 696 1120 minabantur,
720 1062 765 1119 ut,
783 1043 938 1105 incendio
952 1044 1123 1128 intersepti

102 1140 142 1196 ab
156 1133 256 1210 hoste,
271 1132 406 1217 spatium
423 1130 464 1191 ad
480 1129 702 1213 objiciendum
717 1132 909 1192 interiorem
921 1154 1054 1192 murum
1067 1132 1120 1191 lia·

102 1227 229 1284 berent.
275 1218 370 1299 Quod
386 1220 551 1301 inceptum
568 1238 679 1277 eorum
694 1216 761 1279 fors
774 1217 931 1301 impediit.
957 1240 1037 1278 nam
1052 1236 1120 1279 tan·

102 1328 150 1370 tus
165 1323 306 1389 repente
321 1302 439 1365 effusus
453 1303 497 1365 est
512 1305 634 1379 imber,
653 1322 689 1363 ut
701 1326 765 1365 nec
778 1304 913 1367 accendi
925 1303 1022 1367 facile
1034 1322 1119 1389 pate·

101 1413 208 1467 retur,
233 1408 265 1452 et
287 1390 501 1474 exstingueret
524 1390 668 1456 accensa.
711 1393 820 1473 Itaque
842 1409 874 1453 et
889 1394 1045 1453 transitus
1058 1413 1121 1475 per

102 1481 252 1542 distracta
270 1477 430 1539 fumantia
444 1478 580 1558 virgulta
595 1479 713 1561 patuit3
733 1495 774 1555 et,
789 1480 827 1540 in
841 1481 936 1540 unius
951 1482 1016 1539 loci
1027 1498 1120 1563 prae·

101 1566 217 1627 fidiam
238 1568 390 1627 omnibus
413 1562 526 1640 versis,
553 1567 688 1625 moenia
710 1587 835 1648 quoque
857 1567 1003 1650 pluribus
1027 1567 1126 1633 simul

101 1654 242 1737 partibus
256 1653 346 1713 scalis
359 1652 538 1735 capiuntur.
582 1653 626 1711 ln
637 1654 744 1735 primo
758 1655 894 1713 tumultu
907 1670 1019 1737 captae
1028 1654 1127 1715 urbis-

101 1739 243 1799 seniores
264 1742 493 1822 impubesque,
520 1758 598 1820 quos
613 1738 701 1817 casus
718 1742 828 1801 obvios
850 1742 980 1815 obtulit,
1004 1739 1117 1824 pa'ffim

102 1826 198 1886 caeli:
212 1828 327 1886 armati
341 1827 379 1886 in
396 1846 504 1885 arcem
518 1823 753 1908 confugerunt:
775 1843 806 1887 et
820 1826 946 1909 postero
962 1825 1026 1904 die,
1037 1849 1118 1889 eum

100 1913 167 1998 spei
181 1912 265 1975 nihil
280 1911 468 1997 superesset,
490 1910 660 1972 deditione
676 1911 776 1988 facta,
802 1911 994 1974 sub-corona
1011 1916 1117 1976 venie·

99 1998 201 2061 runt(
240 2002 383 2061 Fuerunt¹
406 2014 512 2075 autem
539 1998 603 2058 duo
625 2000 727 2059 millia
745 1997 852 2061 'ferme
874 2016 906 2060 et
928 2002 1113 2085 quingenti:

99 2086 398 2162 ornamentanrbiS,
414 2084 532 2145 statuae
541 2102 571 2144 et
579 2088 704 2147 tabulae
710 2086 825 2169 pictae,
839 2086 1037 2169 etquidquid
1043 2098 1112 2171 pre'·

99 2174 195 2235 tiofae
210 2172 351 2255 praedae
362 2171 433 2247 fuit,
448 2170 491 2231 ad
504 2190 603 2233 naves
619 2171 776 2235 delatum':
797 2176 873 2234 urbs
890 2172 997 2235 diruta
1011 2196 1030 2233 a
1044 2176 1122 2235 fun.

99 2260 269 2322 dementis.
318 2257 406 2320 ‘Inde
424 2258 553 2318 Thebas
576 2257 687 2319 ductus
709 2261 883 2319 exercitus:
914 2262 1027 2342 quibus
1045 2260 1118 2323 fine

49 2406 56 2416 ,
99 2348 276 2408 certamIne
290 2346 441 2428 receptis,
466 2348 581 2404 urbem
596 2344 728 2407 tradidit
744 2345 912 2422 exsulibuS,
934 2364 966 2407 et
981 2350 1040 2431 qui
1053 2352 1124 2410 Ro..

98 2454 273 2493 manorum
287 2434 386 2517 partis
395 2448 513 2491 erant:
531 2430 681 2505 adversae
693 2431 841 2493 factionis
849 2434 1035 2512 hominum,
1049 2434 1116 2496 fan-

99 2536 268 2601 torumque
280 2520 365 2603 regis
378 2540 415 2578 ac
430 2517 647 2579 Macedonum
660 2518 797 2581 familias
812 2518 868 2579 sub
892 2538 1018 2581 corona·
1038 2524 1122 2585 vem

100 2604 191 2667 didit.
223 2606 273 2667 his
287 2604 380 2689 gestis
396 2606 435 2667 in
447 2605 595 2683 Boeotia,
620 2605 662 2667 ad
676 2626 767 2667 mare
783 2626 821 2665 ae
835 2628 934 2669 naves
948 2606 1069 2671 rediit·

183 2776 291 2841 LXIV.
314 2778 396 2837 Crun
406 2776 541 2838 baec'in
556 2776 686 2839 Boeot'ia
696 2795 907 2859 gererentur,
925 2779 1059 2843 Perseus
1072 2780 1116 2843 ad

98 2868 264 2949 Sycurium
281 2862 397 2925 'stativa
420 2863 547 2923 dierum
572 2865 690 2947 aliquot
713 2864 833 2925 babuit.
878 2866 942 2927 Ubi
962 2889 1042 2927 cum
1063 2890 1116 2931 au-

96 2954 200 3030 disset,
216 2950 336 3035 raptim
343 2952 509 3011 Romanos
518 2948 604 3010 circa
618 2972 659 3010 ex
675 2953 756 3033 agris
772 2950 950 3013 demessum
965 2952 1126 3017 frumen-⁸

96 3038 364 3113 truneonvebere,
382 3033 502 3097 deinde
514 3052 595 3097 'ante
610 3035 667 3097 sua
683 3058 840 3120 quemque
852 3041 994 3100 tentoria
1011 3041 1114 3126 spicas

94 3124 229 3187 fascibus
242 3121 465 3199 desecantem,
481 3144 551 3203 quo
562 3124 675 3206 purius
688 3120 888 3185 frumentum
903 3141 1042 3204 tereret,
1063 3130 1114 3193 in·

95 3228 205 3295 gentes
214 3230 348 3285 'acervos
358 3232 422 3293 per
430 3225 501 3269 -tota
508 3208 609 3271 castra
616 3208 865 3273 stramentorum
879 3211 1007 3273 fecisse:
1023 3232 1112 3284 ratus

94 3295 250 3358 incendio
264 3314 445 3379 opportuna
458 3293 534 3381 e'sse,
553 3294 651 3377 sams,
673 3296 875 3381 taedamque,
896 3316 927 3360 et
942 3302 1111 3366 malleolos
1155 3323 1157 3332 ·

93 3380 225 3466 stuppae
248 3382 344 3443 illitos
360 3385 436 3467 pice
452 3383 564 3463 parari
579 3383 683 3466 jubet:
699 3400 796 3467 atque
811 3388 859 3453 -ita
881 3383 989 3447 media
1013 3404 1119 3455 noete:¹

92 3467 270 3553 profectus,
285 3472 288 3479 '
304 3474 350 3527 -ut'
361 3470 476 3551 prima
492 3470 566 3531 luce
588 3468 747 3553 aggressus
773 3470 913 3533 falleret.
965 3474 1108 3557 Nequid-

93 3573 201 3641 quam.
223 3556 348 3639 primae
360 3550 692 3639 'stat'ionespppressae
707 3556 848 3624 =tumultu
862 3579 899 3619 ac
912 3575 1039 3623 terrore
1051 3560 1107 3623 suo

137 3642 435 3719 erosexoireruntf.
453 3640 640 3729 lignumque
657 3640 767 3711 datum
779 3644 827 3711 est
840 3666 929 3711 arma
944 3650 1117 3733 extemplo·
1146 3639 1157 3716 ζ-

69 3651 256 3825 ἰῖἰεηᾱὶς
278 3730 617 3823 simulqueiututo,
633 3727 815 3817 saporus,
829 3734 1106 3803 nibesudtruetus
1141 3758 1157 3809 s

69 3815 80 3848 '⁵
1044 3835 1121 3889 erar,
