2354 4140
52 344 56 353 '
102 360 272 403 certamen
288 359 355 401 tum
371 341 475 423 primo
489 342 647 403 Romanis
662 344 837 426 spectaculo
852 344 927 422 suit,
948 362 980 406 et
994 348 1124 409 venatio

90 425 179 493 adata
201 429 335 489 leonum
350 443 382 489 et
402 428 653 511 pantherarum
686 446 717 491 et
739 450 840 512 prope
855 430 947 513 hujus
962 432 1056 493 seculi
1071 454 1124 493 co·

82 516 159 599 ‘pia
176 512 221 575 ac'
234 515 384 577 varietate
408 512 569 575 ludicrum
593 518 791 576 celebratum
811 514 864 576 est.
910 518 1125 581 Novemdiale

101 600 227 663 deinde
240 600 365 663 sacrum
380 602 516 676 tenuit„
529 599 615 683 quod
631 604 668 662 in
685 604 800 663 Piceno
814 622 873 685 pet
889 604 1029 665 triduum
1043 606 1123 687 lapi·

101 686 198 749 dibus
220 690 361 771 pluerat,
391 688 542 769 ignesque
564 688 713 749 coelestes
735 688 942 750 multifariam
957 692 1018 753 orti
1032 690 1123 753 adus-

100 774 172 837 fisse
188 776 399 858 complurium
414 775 478 835 levi
490 772 596 835 afflatu
612 775 799 838 vestimenta
816 778 955 837 maxime
970 776 1120 837 diceban-

96 878 166 922 ¹tur.
209 861 334 923 Addita·
352 877 384 921 et
406 882 506 921 unum
538 859 625 921 diem
647 861 833 945 supplicatio
861 862 905 924 est
929 884 971 925 ex
990 862 1121 925 decreto

100 950 311 1035 pontificum,
341 946 426 1029 quod
448 946 544 1007 aedes
560 950 639 1031 Opis
655 950 693 1009 in
708 950 863 1032 Capitolio
878 948 920 1011 de
935 952 1025 1011 coelo
1038 966 1121 1011 tacta

67 1073 71 1079 -
102 1053 182 1097 erat.
226 1034 334 1097 hostiis
347 1036 518 1117 maJoribus
533 1034 677 1095 consules
689 1054 919 1119 procurarunt,
943 1041 1120 1119 urbenupre

100 1122 326 1187 lustraverunt.
358 1122 423 1183 Sub
436 1118 523 1181 idem
540 1136 664 1203 tempus
679 1140 710 1183 et
724 1142 765 1183 ex
774 1124 910 1183 Umbria
931 1126 1118 1184 nuntiatum

66 1226 70 1235 '
101 1210 158 1287 est,
175 1209 374 1273 semimarem
389 1205 559 1269 duodecim
571 1207 679 1268 senne
689 1229 793 1270 annos
807 1227 920 1269 natum
933 1213 1115 1272 inventiun.

101 1298 138 1361 id
153 1298 331 1381 prodigium
347 1295 587 1371 abominantes,
619 1297 722 1357 arceri
738 1298 888 1363 Romano
903 1318 977 1381 agro
992 1298 1116 1357 necari·

102 1404 164 1469 que
178 1385 413 1467 quamprimum
436 1380 601 1464 jusserunt.
645 1381 769 1443 Eodem
783 1406 873 1445 anno
887 1386 975 1445 Galli
994 1386 1114 1445 Trarts·

99 1474 219 1557 alpini,
234 1468 416 1553 transgressi
424 1466 462 1529 iu
471 1472 639 1529 Venetiam
652 1468 720 1529 stne
730 1474 936 1553 populatione
950 1488 1003 1531 aut
1019 1472 1113 1545 bello,

97 1558 187 1623 haud
201 1559 309 1641 procul
329 1554 426 1631 inde,
454 1556 508 1614 ubi
520 1576 615 1627 nunc
630 1554 776 1638 Aquileja
789 1556 849 1634 est,
875 1560 979 1618 locum
992 1558 1114 1642 oppido

99 1644 276 1707 condendo
296 1656 461 1724 ceperunt.
507 1642 628 1722 Legatis
648 1644 821 1718 Romanis,
846 1642 888 1703 (le
909 1666 947 1704 ea
969 1666 1005 1705 re
1022 1662 1113 1705 trans

73 1774 76 1779 -
98 1732 200 1815 Alpes
210 1728 327 1803 millis,
351 1724 537 1808 responsum
552 1726 613 1801 est,
649 1726 754 1807 Neque
767 1728 919 1807 profectos
935 1736 1112 1793 exauctori-

99 1838 164 1880 tate
188 1820 287 1897 gentis
307 1833 372 1887 eos,
415 1832 485 1887 nec,
528 1810 603 1891 quid
633 1818 666 1873 iu
690 1810 777 1873 ltalia
791 1814 946 1891 fenerent,
976 1816 1004 1895 se
1017 1818 1111 1899 seire.
1148 1865 1152 1873 .

50 1938 60 1957 ..
99 1906 137 1965 L.
150 1900 257 1982 Scipio
275 1896 366 1958 ludos
388 1918 426 1958 eo
439 1912 598 1979 tempore,
627 1918 705 1979 quos
728 1900 811 1959 bello
824 1897 979 1961 Antiochi
993 1900 1112 1963 novisse

50 1976 55 2047 i
98 1988 166 2051 sese
182 1984 322 2059 dicebat,
351 2004 392 2043 ex
416 1984 528 2042 collata
548 1982 590 2043 ad
604 1982 640 2043 id
652 1987 790 2066 pecunia
809 1988 848 2055 ab
864 1986 989 2065 regibus
1005 1989 1113 2047 civita.

50 2096 53 2127 2
97 2078 246 2155 tibusque
264 2092 324 2155 per
339 2068 406 2131 dies
423 2068 534 2131 decem
555 2068 639 2131 fecit.
683 2073 929 2153 Legatunt'eum
941 2070 1009 2155 post
1024 2071 1112 2133 darn-

74 2188 78 2197 ·
97 2164 267 2225 nationem
286 2176 317 2218 et
338 2162 422 2217 bona
447 2156 577 2219 vendita
595 2156 723 2219 missurn
744 2160 782 2217 iu
802 2156 926 2233 Aliam,
970 2155 1012 2217 ad
1035 2156 1115 2219 diri.

50 2308 52 2321 ,
96 2246 220 2311 menda
239 2249 327 2306 inter
341 2242 540 2304 Antiochum
562 2260 594 2303 et
606 2242 788 2305 Eumenem
808 2265 899 2326 reges
922 2246 1116 2323 certamina,

96 2337 243 2401 Valerius
266 2332 380 2395 Antias
410 2329 455 2392 est
478 2349 594 2397 auctor.
649 2348 717 2391 tum
746 2332 872 2393 collatas
894 2332 924 2391 ei
942 2334 1113 2415 pecunias,

96 2437 366 2506 congregatosque
378 2416 550 2501 perAsiam
565 2418 715 2479 artifices:
739 2435 787 2493 et,
809 2440 944 2501 quorum
958 2419 1107 2491 ludorum

95 2510 165 2595 post
185 2509 320 2580 bellum,
349 2505 469 2585 inquo
488 2522 576 2567 votos
592 2502 730 2583 diceret,
758 2507 959 2567 mentionem
978 2506 1106 2591 nonl'e·

96 2582 203 2672 cisset,
227 2592 267 2654 de
282 2595 322 2655 iis
334 2590 404 2673 post
416 2593 608 2675 legationem
624 2589 753 2654 demum
769 2594 807 2653 in
820 2590 932 2685 senatu
945 2610 1065 2671 aeman..

66 2834 77 2851 .
105 2786 114 2817 t
156 2768 292 2833 .xx111.
321 2767 399 2827 Cum
416 2764 479 2848 jam
505 2765 542 2825 in
557 2765 644 2827 exitu
663 2776 770 2831 annus
784 2764 877 2845 esset,
911 2772 950 2847 Q.
965 2772 1104 2833 Marcius

96 2854 209 2917 absens
222 2851 402 2937 magistratu
416 2852 556 2916 abiturus
573 2868 648 2913 erat.
682 2856 733 2939 Sp.
750 2854 938 2929 Postumius,
953 2856 1105 2939 quaestio-

94 2942 192 3003 nibus
212 2964 286 3003 cum
306 2938 427 3000 sununa
452 2937 515 2999 side
540 2961 677 3022 curaque
695 2941 863 3024 perfectis,
900 2943 1027 3001 comitia
1047 2942 1102 3001 ha-

84 3026 173 3095 buit.
238 3028 335 3088 creati
353 3026 430 3101 strut-
455 3023 600 3087 consules
619 3024 682 3109 Ap.
704 3027 852 3089 Claudius
871 3028 1023 3104 Pulcher,
1055 3030 1101 3091 Μ.

92 3116 302 3199 Sempronius
324 3112 512 3174 Tuditanus.
561 3112 685 3175 Postero
711 3114 763 3175 die
789 3130 951 3197 praetores
970 3112 1046 3175 facti
1067 3116 1100 3179 P.

92 3202 263 3265 camelius
286 3201 457 3281 Cethegus,
499 3196 539 3259 A.
570 3198 740 3263 Postumius
763 3199 915 3276 Albinus,
952 3202 986 3261 C.
1007 3198 1101 3263 Asta·

93 3290 169 3352 nius
192 3288 318 3363 Stellio,
342 3289 376 3347 C.
397 3284 534 3346 Attilius'
545 3286 718 3362 Serranus,
750 3288 784 3346 L.
812 3286 984 3349 Postumius
1006 3290 1099 3352 Tem-

93 3372 228 3459 psanus,
254 3377 302 3434 M.
313 3370 461 3433 Claudius
469 3372 691 3432 ulmetium.
735 3372 887 3433 Extremo
904 3376 1002 3453 anni,
1026 3381 1101 3459 quia

91 3464 145 3549 sp.
174 3462 348 3525 Postumius
374 3456 482 3515 consul
513 3457 773 3535 renuntiaverat,
822 3480 1047 3545 peragrantem
1065 3464 1102 3527 [ο

88 3568 225 3635 propter
247 3545 444 3629 quaestiones
456 3558 625 3625 utrumque
636 3544 709 3605 litus
729 3546 847 3623 ltaliae,
863 3548 1000 3619 desertas
1016 3554 1098 3613 colo.

58 3698 63 3708 ,
88 3634 182 3729 nias,
211 3630 535 3716 Sipontum-supero,
557 3630 741 3693 Buxentum
760 3632 867 3695 insero
886 3642 983 3717 mari,
1008 3641 1098 3699 iuve-
1136 3652 1144 3665 '

48 3724 75 3753 ’·“
86 3722 202 3805 ιιὶΠος
213 3720 380 3811 ‘triumviri
394 3718 436 3781 ad
447 3717 578 3780 colonos
592 3738 630 3780 eo
642 3716 827 3787 scribendos
842 3744 884 3785 ex
894 3724 1099 3789 senatuscon-

225 3828 230 3837 ’
1015 3810 1096 3875 [ulto
