<?xml version="1.0" encoding="UTF-8"?>
<!DOCTYPE html PUBLIC "-//W3C//DTD XHTML 1.0 Transitional//EN"
    "http://www.w3.org/TR/xhtml1/DTD/xhtml1-transitional.dtd">
<html xmlns="http://www.w3.org/1999/xhtml" xml:lang="en" lang="en">
 <head>
  <title>
</title>
<meta http-equiv="Content-Type" content="text/html;charset=utf-8" />
  <meta name='ocr-system' content='tesseract 3.04.00' />
  <meta name='ocr-capabilities' content='ocr_page ocr_carea ocr_par ocr_line ocrx_word'/>
</head>
<body>
  <div class='ocr_page' id='page_1' title='image "./historiarumlibr01livygoog_0556.png"; bbox 0 0 2354 4140; ppageno 0'>
   <div class='ocr_carea' id='block_1_1' title="bbox 268 107 1099 191">
    <p class='ocr_par' dir='ltr' id='par_1_1' title="bbox 268 107 1099 191">
     <span class='ocr_line' id='line_1_1' title="bbox 268 107 1099 191; baseline 0.018 -18"><span class='ocrx_word' id='word_1_1' title='bbox 268 107 429 173; x_wconf 87' lang='lat' dir='ltr'>LIBER</span> <span class='ocrx_word' id='word_1_2' title='bbox 449 111 562 171; x_wconf 81' lang='lat' dir='ltr'>XLIII.</span> <span class='ocrx_word' id='word_1_3' title='bbox 606 112 695 173; x_wconf 70' lang='lat' dir='ltr'><strong>Cer.</strong></span> <span class='ocrx_word' id='word_1_4' title='bbox 718 114 788 173; x_wconf 89' lang='lat' dir='ltr'><strong>XII.</strong></span> <span class='ocrx_word' id='word_1_5' title='bbox 809 115 896 176; x_wconf 87' lang='lat' dir='ltr'><strong>XIII.</strong></span> <span class='ocrx_word' id='word_1_6' title='bbox 1030 119 1099 191; x_wconf 83' lang='lat'><strong>577</strong></span> 
     </span>
    </p>
   </div>
   <div class='ocr_carea' id='block_1_2' title="bbox 877 196 1081 213">
    <p class='ocr_par' dir='ltr' id='par_1_2' title="bbox 877 196 1081 213">
     <span class='ocr_line' id='line_1_2' title="bbox 877 196 1081 213; baseline 0.005 -2"><span class='ocrx_word' id='word_1_7' title='bbox 877 196 1081 213; x_wconf 49' lang='lat' dir='ltr'><strong>m</strong></span> 
     </span>
    </p>
   </div>
   <div class='ocr_carea' id='block_1_3' title="bbox 10 295 1125 3717">
    <p class='ocr_par' dir='ltr' id='par_1_3' title="bbox 52 295 1078 683">
     <span class='ocr_line' id='line_1_3' title="bbox 55 295 1078 327; baseline 0 -8"><span class='ocrx_word' id='word_1_8' title='bbox 55 295 1078 327; x_wconf 40' lang='lat' dir='ltr'><strong>——ssn--m———a——ff</strong></span> 
     </span>
     <span class='ocr_line' id='line_1_4' title="bbox 52 334 1074 421; baseline -0.003 -24"><span class='ocrx_word' id='word_1_9' title='bbox 52 334 177 421; x_wconf 61' lang='lat' dir='ltr'><strong>millia,</strong></span> <span class='ocrx_word' id='word_1_10' title='bbox 208 334 366 397; x_wconf 83' lang='lat' dir='ltr'><strong>sociorum</strong></span> <span class='ocrx_word' id='word_1_11' title='bbox 380 338 525 397; x_wconf 84' lang='lat' dir='ltr'><strong>nominis</strong></span> <span class='ocrx_word' id='word_1_12' title='bbox 540 340 645 397; x_wconf 84' lang='lat' dir='ltr'><strong>Latini</strong></span> <span class='ocrx_word' id='word_1_13' title='bbox 659 337 715 399; x_wconf 86' lang='lat' dir='ltr'><strong>sex</strong></span> <span class='ocrx_word' id='word_1_14' title='bbox 730 340 849 399; x_wconf 86' lang='lat' dir='ltr'><strong>millia:</strong></span> <span class='ocrx_word' id='word_1_15' title='bbox 877 340 997 419; x_wconf 85' lang='lat' dir='ltr'>equites</span> <span class='ocrx_word' id='word_1_16' title='bbox 1013 340 1074 396; x_wconf 76' lang='lat' dir='ltr'><strong>llo-</strong></span> 
     </span>
     <span class='ocr_line' id='line_1_5' title="bbox 53 416 1075 505; baseline -0.001 -19"><span class='ocrx_word' id='word_1_17' title='bbox 53 416 170 493; x_wconf 74' lang='lat' dir='ltr'><strong>manos</strong></span> <span class='ocrx_word' id='word_1_18' title='bbox 192 420 346 484; x_wconf 88' lang='lat' dir='ltr'><strong>ducentos</strong></span> <span class='ocrx_word' id='word_1_19' title='bbox 368 424 618 505; x_wconf 82' lang='lat' dir='ltr'>quinquaginta,</span> <span class='ocrx_word' id='word_1_20' title='bbox 647 423 744 484; x_wconf 90' lang='lat' dir='ltr'><strong>socios</strong></span> <span class='ocrx_word' id='word_1_21' title='bbox 766 440 936 484; x_wconf 88' lang='lat' dir='ltr'><strong>trecentos.</strong></span> <span class='ocrx_word' id='word_1_22' title='bbox 982 428 1075 488; x_wconf 86' lang='lat' dir='ltr'><strong>Vete-</strong></span> 
     </span>
     <span class='ocr_line' id='line_1_6' title="bbox 53 506 1074 595; baseline -0.001 -22"><span class='ocrx_word' id='word_1_23' title='bbox 53 524 118 577; x_wconf 74' lang='lat' dir='ltr'><strong>¹tes.</strong></span> <span class='ocrx_word' id='word_1_24' title='bbox 129 510 246 573; x_wconf 78' lang='lat' dir='ltr'><strong>milites</strong></span> <span class='ocrx_word' id='word_1_25' title='bbox 258 506 395 587; x_wconf 68' lang='lat' dir='ltr'><strong>dimitti,</strong></span> <span class='ocrx_word' id='word_1_26' title='bbox 423 510 468 571; x_wconf 86' lang='lat' dir='ltr'><strong>ita</strong></span> <span class='ocrx_word' id='word_1_27' title='bbox 480 526 515 569; x_wconf 90' lang='lat' dir='ltr'><strong>ut</strong></span> <span class='ocrx_word' id='word_1_28' title='bbox 534 511 572 571; x_wconf 88' lang='lat' dir='ltr'><strong>iu</strong></span> <span class='ocrx_word' id='word_1_29' title='bbox 592 510 727 592; x_wconf 83' lang='lat' dir='ltr'><strong>lingulas</strong></span> <span class='ocrx_word' id='word_1_30' title='bbox 744 512 909 572; x_wconf 81' lang='lat' dir='ltr'><strong>Romanas</strong></span> <span class='ocrx_word' id='word_1_31' title='bbox 931 512 1074 595; x_wconf 76' lang='lat' dir='ltr'><strong>legiones</strong></span> 
     </span>
     <span class='ocr_line' id='line_1_7' title="bbox 53 592 1075 683; baseline 0.002 -28"><span class='ocrx_word' id='word_1_32' title='bbox 53 592 279 683; x_wconf 70' lang='lat' dir='ltr'><strong>neplussena</strong></span> <span class='ocrx_word' id='word_1_33' title='bbox 289 596 391 658; x_wconf 87' lang='lat' dir='ltr'><strong>millia</strong></span> <span class='ocrx_word' id='word_1_34' title='bbox 407 595 568 679; x_wconf 85' lang='lat' dir='ltr'><strong>peditum,</strong></span> <span class='ocrx_word' id='word_1_35' title='bbox 601 598 724 657; x_wconf 90' lang='lat' dir='ltr'><strong>treceni</strong></span> <span class='ocrx_word' id='word_1_36' title='bbox 739 599 858 679; x_wconf 84' lang='lat' dir='ltr'><strong>equites</strong></span> <span class='ocrx_word' id='word_1_37' title='bbox 873 597 984 659; x_wconf 78' lang='lat' dir='ltr'><strong>essent.</strong></span> <span class='ocrx_word' id='word_1_38' title='bbox 1017 596 1075 657; x_wconf 90' lang='lat' dir='ltr'><strong>Al·</strong></span> 
     </span>
    </p>

    <p class='ocr_par' dir='ltr' id='par_1_4' title="bbox 17 680 1106 1639">
     <span class='ocr_line' id='line_1_8' title="bbox 17 680 1073 761; baseline -0.004 -14"><span class='ocrx_word' id='word_1_39' title='bbox 17 714 21 721; x_wconf 93' lang='lat'>·</span> <span class='ocrx_word' id='word_1_40' title='bbox 55 680 257 761; x_wconf 33' lang='lat' dir='ltr'><strong>teri&#39;consuli</strong></span> <span class='ocrx_word' id='word_1_41' title='bbox 275 683 384 743; x_wconf 90' lang='lat' dir='ltr'><strong>nullus</strong></span> <span class='ocrx_word' id='word_1_42' title='bbox 398 700 502 743; x_wconf 89' lang='lat' dir='ltr'><strong>certus</strong></span> <span class='ocrx_word' id='word_1_43' title='bbox 523 684 631 743; x_wconf 88' lang='lat' dir='ltr'><strong>linitus</strong></span> <span class='ocrx_word' id='word_1_44' title='bbox 648 705 801 745; x_wconf 86' lang='lat' dir='ltr'><strong>numerus</strong></span> <span class='ocrx_word' id='word_1_45' title='bbox 824 685 941 747; x_wconf 85' lang='lat' dir='ltr'><strong>civium</strong></span> <span class='ocrx_word' id='word_1_46' title='bbox 956 688 1073 745; x_wconf 86' lang='lat' dir='ltr'><strong>Roma·</strong></span> 
     </span>
     <span class='ocr_line' id='line_1_9' title="bbox 53 756 1071 855; baseline -0.002 -24"><span class='ocrx_word' id='word_1_47' title='bbox 53 756 194 855; x_wconf 59' lang='lat' dir='ltr'><strong>norum,</strong></span> <span class='ocrx_word' id='word_1_48' title='bbox 214 790 312 853; x_wconf 89' lang='lat' dir='ltr'><strong>quem</strong></span> <span class='ocrx_word' id='word_1_49' title='bbox 332 770 370 845; x_wconf 76' lang='lat' dir='ltr'><strong>in</strong></span> <span class='ocrx_word' id='word_1_50' title='bbox 388 767 645 852; x_wconf 87' lang='lat' dir='ltr'><strong>supplementum</strong></span> <span class='ocrx_word' id='word_1_51' title='bbox 661 772 788 853; x_wconf 84' lang='lat' dir='ltr'><strong>legeret.</strong></span> <span class='ocrx_word' id='word_1_52' title='bbox 832 770 868 831; x_wconf 91' lang='lat' dir='ltr'><strong>id</strong></span> <span class='ocrx_word' id='word_1_53' title='bbox 887 769 983 833; x_wconf 90' lang='lat' dir='ltr'><strong>modo</strong></span> <span class='ocrx_word' id='word_1_54' title='bbox 1000 772 1071 832; x_wconf 79' lang='lat' dir='ltr'><strong>fini.</strong></span> 
     </span>
     <span class='ocr_line' id='line_1_10' title="bbox 52 854 1072 943; baseline 0.004 -27"><span class='ocrx_word' id='word_1_55' title='bbox 52 875 143 942; x_wconf 66' lang='lat' dir='ltr'><strong>eum,</strong></span> <span class='ocrx_word' id='word_1_56' title='bbox 165 872 201 917; x_wconf 89' lang='lat' dir='ltr'><strong>ut</strong></span> <span class='ocrx_word' id='word_1_57' title='bbox 214 854 291 917; x_wconf 86' lang='lat' dir='ltr'><strong>duas</strong></span> <span class='ocrx_word' id='word_1_58' title='bbox 307 856 452 937; x_wconf 85' lang='lat' dir='ltr'><strong>legiones</strong></span> <span class='ocrx_word' id='word_1_59' title='bbox 467 855 636 932; x_wconf 81' lang='lat' dir='ltr'><strong>scriberet,</strong></span> <span class='ocrx_word' id='word_1_60' title='bbox 660 878 739 938; x_wconf 84' lang='lat' dir='ltr'><strong>quae</strong></span> <span class='ocrx_word' id='word_1_61' title='bbox 754 858 853 939; x_wconf 84' lang='lat' dir='ltr'><strong>qulna</strong></span> <span class='ocrx_word' id='word_1_62' title='bbox 868 859 969 919; x_wconf 89' lang='lat' dir='ltr'><strong>millia</strong></span> <span class='ocrx_word' id='word_1_63' title='bbox 981 857 1072 943; x_wconf 87' lang='lat' dir='ltr'><strong>pedi·</strong></span> 
     </span>
     <span class='ocr_line' id='line_1_11' title="bbox 52 941 1075 1023; baseline -0.001 -15"><span class='ocrx_word' id='word_1_64' title='bbox 52 960 123 1008; x_wconf 86' lang='lat' dir='ltr'><strong>tum</strong></span> <span class='ocrx_word' id='word_1_65' title='bbox 138 960 173 1005; x_wconf 90' lang='lat' dir='ltr'><strong>et</strong></span> <span class='ocrx_word' id='word_1_66' title='bbox 187 941 329 1023; x_wconf 81' lang='lat' dir='ltr'><strong>ducenos</strong></span> <span class='ocrx_word' id='word_1_67' title='bbox 342 943 518 1018; x_wconf 85' lang='lat' dir='ltr'><strong>baberent,</strong></span> <span class='ocrx_word' id='word_1_68' title='bbox 544 943 662 1023; x_wconf 84' lang='lat' dir='ltr'><strong>equites</strong></span> <span class='ocrx_word' id='word_1_69' title='bbox 683 960 839 1005; x_wconf 83' lang='lat' dir='ltr'><strong>trecenos.</strong></span> <span class='ocrx_word' id='word_1_70' title='bbox 885 946 1075 1007; x_wconf 84' lang='lat' dir='ltr'><strong>Latinorum</strong></span> 
     </span>
     <span class='ocr_line' id='line_1_12' title="bbox 52 1027 1073 1117; baseline -0.008 -23"><span class='ocrx_word' id='word_1_71' title='bbox 52 1034 175 1117; x_wconf 66' lang='lat' dir='ltr'><strong>mejor,</strong></span> <span class='ocrx_word' id='word_1_72' title='bbox 198 1051 295 1113; x_wconf 87' lang='lat' dir='ltr'><strong>quam</strong></span> <span class='ocrx_word' id='word_1_73' title='bbox 315 1029 470 1113; x_wconf 83' lang='lat' dir='ltr'><strong>collegae,</strong></span> <span class='ocrx_word' id='word_1_74' title='bbox 493 1027 637 1090; x_wconf 85' lang='lat' dir='ltr'><strong>decretus</strong></span> <span class='ocrx_word' id='word_1_75' title='bbox 658 1050 829 1091; x_wconf 85' lang='lat' dir='ltr'><strong>numerus:</strong></span> <span class='ocrx_word' id='word_1_76' title='bbox 859 1036 1002 1114; x_wconf 85' lang='lat' dir='ltr'><strong>peditum</strong></span> <span class='ocrx_word' id='word_1_77' title='bbox 1020 1032 1073 1095; x_wconf 86' lang='lat' dir='ltr'><strong>de.</strong></span> 
     </span>
     <span class='ocr_line' id='line_1_13' title="bbox 52 1114 1073 1202; baseline 0.005 -25"><span class='ocrx_word' id='word_1_78' title='bbox 52 1142 128 1183; x_wconf 79' lang='lat' dir='ltr'><strong>cem</strong></span> <span class='ocrx_word' id='word_1_79' title='bbox 140 1118 245 1191; x_wconf 82' lang='lat' dir='ltr'><strong>millia</strong></span> <span class='ocrx_word' id='word_1_80' title='bbox 258 1133 291 1177; x_wconf 90' lang='lat' dir='ltr'><strong>et</strong></span> <span class='ocrx_word' id='word_1_81' title='bbox 312 1114 452 1177; x_wconf 85' lang='lat' dir='ltr'><strong>sexcenti</strong></span> <span class='ocrx_word' id='word_1_82' title='bbox 467 1117 596 1197; x_wconf 83' lang='lat' dir='ltr'><strong>equites.</strong></span> <span class='ocrx_word' id='word_1_83' title='bbox 639 1134 773 1198; x_wconf 85' lang='lat' dir='ltr'><strong>quatuor</strong></span> <span class='ocrx_word' id='word_1_84' title='bbox 797 1136 962 1200; x_wconf 82' lang='lat' dir='ltr'><strong>praeterea</strong></span> <span class='ocrx_word' id='word_1_85' title='bbox 977 1123 1073 1202; x_wconf 84' lang='lat' dir='ltr'><strong>legio-</strong></span> 
     </span>
     <span class='ocr_line' id='line_1_14' title="bbox 53 1200 1071 1288; baseline 0.005 -23"><span class='ocrx_word' id='word_1_86' title='bbox 53 1229 116 1274; x_wconf 79' lang='lat' dir='ltr'><strong>nes</strong></span> <span class='ocrx_word' id='word_1_87' title='bbox 130 1202 228 1288; x_wconf 77' lang='lat' dir='ltr'><strong>scribi</strong></span> <span class='ocrx_word' id='word_1_88' title='bbox 248 1200 360 1285; x_wconf 80' lang='lat' dir='ltr'><strong>jussae,</strong></span> <span class='ocrx_word' id='word_1_89' title='bbox 391 1224 488 1285; x_wconf 86' lang='lat' dir='ltr'><strong>quae,</strong></span> <span class='ocrx_word' id='word_1_90' title='bbox 516 1204 539 1261; x_wconf 92' lang='lat' dir='ltr'><strong>li</strong></span> <span class='ocrx_word' id='word_1_91' title='bbox 561 1224 623 1283; x_wconf 91' lang='lat' dir='ltr'><strong>quo</strong></span> <span class='ocrx_word' id='word_1_92' title='bbox 639 1224 717 1287; x_wconf 84' lang='lat' dir='ltr'><strong>opus</strong></span> <span class='ocrx_word' id='word_1_93' title='bbox 733 1203 826 1280; x_wconf 90' lang='lat' dir='ltr'><strong>esset,</strong></span> <span class='ocrx_word' id='word_1_94' title='bbox 848 1205 1071 1271; x_wconf 77' lang='lat' dir='ltr'><strong>educerentur.</strong></span> 
     </span>
     <span class='ocr_line' id='line_1_15' title="bbox 55 1288 1072 1375; baseline 0.002 -22"><span class='ocrx_word' id='word_1_95' title='bbox 55 1294 222 1375; x_wconf 54' lang='lat' dir='ltr'><strong>&#39;firibunos</strong></span> <span class='ocrx_word' id='word_1_96' title='bbox 240 1290 307 1367; x_wconf 87' lang='lat' dir='ltr'><strong>his,</strong></span> <span class='ocrx_word' id='word_1_97' title='bbox 349 1310 421 1350; x_wconf 91' lang='lat' dir='ltr'><strong>non</strong></span> <span class='ocrx_word' id='word_1_98' title='bbox 441 1288 644 1371; x_wconf 88' lang='lat' dir='ltr'><strong>permissum,</strong></span> <span class='ocrx_word' id='word_1_99' title='bbox 687 1307 722 1349; x_wconf 91' lang='lat' dir='ltr'><strong>ut</strong></span> <span class='ocrx_word' id='word_1_100' title='bbox 746 1290 891 1353; x_wconf 89' lang='lat' dir='ltr'><strong>consules</strong></span> <span class='ocrx_word' id='word_1_101' title='bbox 911 1292 1072 1356; x_wconf 84' lang='lat' dir='ltr'><strong>facerent:</strong></span> 
     </span>
     <span class='ocr_line' id='line_1_16' title="bbox 54 1376 1075 1467; baseline -0.001 -27"><span class='ocrx_word' id='word_1_102' title='bbox 54 1401 100 1467; x_wconf 72' lang='lat' dir='ltr'><strong>pp</strong></span> <span class='ocrx_word' id='word_1_103' title='bbox 124 1378 194 1440; x_wconf 87' lang='lat' dir='ltr'><strong>ulus</strong></span> <span class='ocrx_word' id='word_1_104' title='bbox 211 1378 340 1459; x_wconf 78' lang='lat' dir='ltr'><strong>creavit.</strong></span> <span class='ocrx_word' id='word_1_105' title='bbox 385 1376 482 1437; x_wconf 87' lang='lat' dir='ltr'><strong>Sociis</strong></span> <span class='ocrx_word' id='word_1_106' title='bbox 504 1376 648 1435; x_wconf 83' lang='lat' dir='ltr'><strong>nominis</strong></span> <span class='ocrx_word' id='word_1_107' title='bbox 665 1379 772 1439; x_wconf 84' lang='lat' dir='ltr'><strong>Latini</strong></span> <span class='ocrx_word' id='word_1_108' title='bbox 792 1376 951 1441; x_wconf 82' lang='lat' dir='ltr'><strong>sexdecim</strong></span> <span class='ocrx_word' id='word_1_109' title='bbox 972 1383 1075 1448; x_wconf 79' lang='lat' dir='ltr'><strong>millia</strong></span> 
     </span>
     <span class='ocr_line' id='line_1_17' title="bbox 54 1463 1075 1554; baseline 0.006 -31"><span class='ocrx_word' id='word_1_110' title='bbox 54 1488 99 1554; x_wconf 80' lang='lat' dir='ltr'><strong>pe</strong></span> <span class='ocrx_word' id='word_1_111' title='bbox 123 1466 220 1541; x_wconf 81' lang='lat' dir='ltr'><strong>&#39;um,</strong></span> <span class='ocrx_word' id='word_1_112' title='bbox 263 1478 294 1523; x_wconf 88' lang='lat' dir='ltr'><strong>et</strong></span> <span class='ocrx_word' id='word_1_113' title='bbox 315 1464 403 1532; x_wconf 85' lang='lat' dir='ltr'><strong>mille</strong></span> <span class='ocrx_word' id='word_1_114' title='bbox 427 1463 548 1545; x_wconf 84' lang='lat' dir='ltr'><strong>equites</strong></span> <span class='ocrx_word' id='word_1_115' title='bbox 571 1464 727 1545; x_wconf 85' lang='lat' dir='ltr'><strong>imperati.</strong></span> <span class='ocrx_word' id='word_1_116' title='bbox 780 1466 878 1525; x_wconf 89' lang='lat' dir='ltr'><strong>Hunc</strong></span> <span class='ocrx_word' id='word_1_117' title='bbox 898 1470 1075 1531; x_wconf 81' lang='lat' dir='ltr'><strong>exereitum</strong></span> 
     </span>
     <span class='ocr_line' id='line_1_18' title="bbox 54 1548 1106 1639; baseline 0.001 -25"><span class='ocrx_word' id='word_1_118' title='bbox 54 1553 314 1639; x_wconf 59' lang='lat' dir='ltr'><strong>pararitantum</strong></span> <span class='ocrx_word' id='word_1_119' title='bbox 334 1550 470 1633; x_wconf 83' lang='lat' dir='ltr'><strong>placuit,</strong></span> <span class='ocrx_word' id='word_1_120' title='bbox 514 1565 549 1609; x_wconf 90' lang='lat' dir='ltr'><strong>ut</strong></span> <span class='ocrx_word' id='word_1_121' title='bbox 570 1551 688 1625; x_wconf 86' lang='lat' dir='ltr'><strong>exiret,</strong></span> <span class='ocrx_word' id='word_1_122' title='bbox 720 1548 827 1633; x_wconf 88' lang='lat' dir='ltr'><strong>siquo</strong></span> <span class='ocrx_word' id='word_1_123' title='bbox 848 1573 898 1612; x_wconf 80' lang='lat' dir='ltr'><strong>res</strong></span> <span class='ocrx_word' id='word_1_124' title='bbox 920 1554 1073 1637; x_wconf 82' lang='lat' dir='ltr'><strong>posceret.</strong></span> <span class='ocrx_word' id='word_1_125' title='bbox 1102 1622 1106 1629; x_wconf 31' lang='lat'>¹</span> 
     </span>
    </p>

    <p class='ocr_par' dir='ltr' id='par_1_5' title="bbox 17 1636 1077 1805">
     <span class='ocr_line' id='line_1_19' title="bbox 17 1636 1077 1719; baseline 0.004 -20"><span class='ocrx_word' id='word_1_126' title='bbox 17 1674 21 1679; x_wconf 95' lang='lat'>·</span> <span class='ocrx_word' id='word_1_127' title='bbox 55 1636 411 1719; x_wconf 68' lang='lat' dir='ltr'><strong>Mecedonia&#39;maxime</strong></span> <span class='ocrx_word' id='word_1_128' title='bbox 426 1656 537 1695; x_wconf 86' lang='lat' dir='ltr'><strong>curam</strong></span> <span class='ocrx_word' id='word_1_129' title='bbox 558 1638 739 1719; x_wconf 78' lang='lat' dir='ltr'><strong>praebebat.</strong></span> <span class='ocrx_word' id='word_1_130' title='bbox 783 1638 821 1696; x_wconf 92' lang='lat' dir='ltr'><strong>in</strong></span> <span class='ocrx_word' id='word_1_131' title='bbox 843 1638 970 1701; x_wconf 83' lang='lat' dir='ltr'><strong>classem</strong></span> <span class='ocrx_word' id='word_1_132' title='bbox 985 1643 1077 1703; x_wconf 90' lang='lat' dir='ltr'><strong>mille</strong></span> 
     </span>
     <span class='ocr_line' id='line_1_20' title="bbox 55 1720 1076 1805; baseline -0.001 -17"><span class='ocrx_word' id='word_1_133' title='bbox 55 1724 286 1805; x_wconf 67' lang='lat' dir='ltr'><strong>soeiimrales</strong></span> <span class='ocrx_word' id='word_1_134' title='bbox 304 1725 389 1785; x_wconf 86' lang='lat' dir='ltr'><strong>cives</strong></span> <span class='ocrx_word' id='word_1_135' title='bbox 402 1722 541 1783; x_wconf 85' lang='lat' dir='ltr'><strong>Romani</strong></span> <span class='ocrx_word' id='word_1_136' title='bbox 561 1723 706 1781; x_wconf 86' lang='lat' dir='ltr'><strong>libertini</strong></span> <span class='ocrx_word' id='word_1_137' title='bbox 721 1720 860 1800; x_wconf 81' lang='lat' dir='ltr'><strong>ordinis,</strong></span> <span class='ocrx_word' id='word_1_138' title='bbox 892 1746 934 1786; x_wconf 85' lang='lat' dir='ltr'><strong>ex</strong></span> <span class='ocrx_word' id='word_1_139' title='bbox 950 1730 1040 1788; x_wconf 86' lang='lat' dir='ltr'><strong>Italia</strong></span> <span class='ocrx_word' id='word_1_140' title='bbox 1056 1727 1076 1763; x_wconf 76' lang='lat'><strong>⁴*</strong></span> 
     </span>
    </p>

    <p class='ocr_par' dir='ltr' id='par_1_6' title="bbox 60 1805 1074 1897">
     <span class='ocr_line' id='line_1_21' title="bbox 60 1805 1074 1897; baseline -0.001 -22"><span class='ocrx_word' id='word_1_141' title='bbox 60 1814 122 1888; x_wconf 68' lang='lat' dir='ltr'><strong>scri</strong></span> <span class='ocrx_word' id='word_1_142' title='bbox 142 1805 263 1897; x_wconf 56' lang='lat' dir='ltr'><strong>&#39;tluffil</strong></span> <span class='ocrx_word' id='word_1_143' title='bbox 293 1810 428 1871; x_wconf 87' lang='lat' dir='ltr'><strong>totidem</strong></span> <span class='ocrx_word' id='word_1_144' title='bbox 444 1826 478 1867; x_wconf 91' lang='lat' dir='ltr'><strong>ut</strong></span> <span class='ocrx_word' id='word_1_145' title='bbox 499 1808 657 1869; x_wconf 82' lang='lat' dir='ltr'><strong>chicilia</strong></span> <span class='ocrx_word' id='word_1_146' title='bbox 678 1808 912 1871; x_wconf 71' lang='lat' dir='ltr'><strong>scriberentur:</strong></span> <span class='ocrx_word' id='word_1_147' title='bbox 945 1830 992 1889; x_wconf 90' lang='lat' dir='ltr'><strong>et,</strong></span> <span class='ocrx_word' id='word_1_148' title='bbox 1022 1815 1074 1875; x_wconf 87' lang='lat' dir='ltr'><strong>cui</strong></span> 
     </span>
    </p>

    <p class='ocr_par' dir='ltr' id='par_1_7' title="bbox 56 1885 1077 2415">
     <span class='ocr_line' id='line_1_22' title="bbox 63 1885 1074 1981; baseline -0.001 -22"><span class='ocrx_word' id='word_1_149' title='bbox 63 1885 275 1981; x_wconf 63' lang='lat' dir='ltr'><strong>mprcsiucia</strong></span> <span class='ocrx_word' id='word_1_150' title='bbox 288 1895 451 1971; x_wconf 82' lang='lat' dir='ltr'><strong>evenisset,</strong></span> <span class='ocrx_word' id='word_1_151' title='bbox 462 1894 659 1969; x_wconf 82' lang='lat' dir='ltr'><strong>mandatum,</strong></span> <span class='ocrx_word' id='word_1_152' title='bbox 674 1912 709 1954; x_wconf 91' lang='lat' dir='ltr'><strong>ut</strong></span> <span class='ocrx_word' id='word_1_153' title='bbox 723 1917 775 1955; x_wconf 88' lang='lat' dir='ltr'><strong>ecs</strong></span> <span class='ocrx_word' id='word_1_154' title='bbox 791 1897 828 1955; x_wconf 91' lang='lat' dir='ltr'><strong>in</strong></span> <span class='ocrx_word' id='word_1_155' title='bbox 837 1898 1074 1976; x_wconf 76' lang='lat' dir='ltr'><strong>Macedoniam,</strong></span> 
     </span>
     <span class='ocr_line' id='line_1_23' title="bbox 59 1980 1076 2068; baseline 0.004 -25"><span class='ocrx_word' id='word_1_156' title='bbox 59 1986 242 2068; x_wconf 72' lang='lat' dir='ltr'><strong>ubieunque</strong></span> <span class='ocrx_word' id='word_1_157' title='bbox 256 1983 356 2045; x_wconf 88' lang='lat' dir='ltr'><strong>clallis</strong></span> <span class='ocrx_word' id='word_1_158' title='bbox 371 1980 464 2058; x_wconf 89' lang='lat' dir='ltr'><strong>esset,</strong></span> <span class='ocrx_word' id='word_1_159' title='bbox 494 1980 709 2063; x_wconf 88' lang='lat' dir='ltr'><strong>deportandos</strong></span> <span class='ocrx_word' id='word_1_160' title='bbox 724 1999 858 2043; x_wconf 81' lang='lat' dir='ltr'><strong>cureret.</strong></span> <span class='ocrx_word' id='word_1_161' title='bbox 904 1986 946 2043; x_wconf 93' lang='lat' dir='ltr'><strong>In</strong></span> <span class='ocrx_word' id='word_1_162' title='bbox 963 1986 1076 2067; x_wconf 84' lang='lat' dir='ltr'><strong>Hispe-</strong></span> 
     </span>
     <span class='ocr_line' id='line_1_24' title="bbox 58 2068 1074 2156; baseline -0.001 -23"><span class='ocrx_word' id='word_1_163' title='bbox 58 2072 227 2156; x_wconf 28' lang='lat' dir='ltr'><strong>trietilntria</strong></span> <span class='ocrx_word' id='word_1_164' title='bbox 240 2071 340 2137; x_wconf 83' lang='lat' dir='ltr'><strong>millia</strong></span> <span class='ocrx_word' id='word_1_165' title='bbox 353 2068 497 2153; x_wconf 87' lang='lat' dir='ltr'><strong>peditum</strong></span> <span class='ocrx_word' id='word_1_166' title='bbox 514 2072 737 2129; x_wconf 81' lang='lat' dir='ltr'><strong>Romanorum</strong></span> <span class='ocrx_word' id='word_1_167' title='bbox 749 2070 786 2129; x_wconf 87' lang='lat' dir='ltr'><strong>in</strong></span> <span class='ocrx_word' id='word_1_168' title='bbox 805 2070 1074 2153; x_wconf 84' lang='lat' dir='ltr'><strong>supplementum,</strong></span> 
     </span>
     <span class='ocr_line' id='line_1_25' title="bbox 56 2154 1076 2249; baseline 0.003 -30"><span class='ocrx_word' id='word_1_169' title='bbox 56 2157 199 2249; x_wconf 53' lang='lat' dir='ltr'><strong>mecenti</strong></span> <span class='ocrx_word' id='word_1_170' title='bbox 219 2158 339 2239; x_wconf 84' lang='lat' dir='ltr'><strong>equites</strong></span> <span class='ocrx_word' id='word_1_171' title='bbox 361 2154 490 2216; x_wconf 88' lang='lat' dir='ltr'><strong>decreti.</strong></span> <span class='ocrx_word' id='word_1_172' title='bbox 536 2156 658 2215; x_wconf 86' lang='lat' dir='ltr'><strong>Finitus</strong></span> <span class='ocrx_word' id='word_1_173' title='bbox 680 2156 726 2217; x_wconf 91' lang='lat' dir='ltr'><strong>ibi</strong></span> <span class='ocrx_word' id='word_1_174' title='bbox 742 2178 867 2237; x_wconf 89' lang='lat' dir='ltr'><strong>quoque</strong></span> <span class='ocrx_word' id='word_1_175' title='bbox 882 2158 919 2217; x_wconf 87' lang='lat' dir='ltr'><strong>in</strong></span> <span class='ocrx_word' id='word_1_176' title='bbox 933 2159 1076 2241; x_wconf 82' lang='lat' dir='ltr'><strong>legiones</strong></span> 
     </span>
     <span class='ocr_line' id='line_1_26' title="bbox 56 2241 1076 2325; baseline 0.006 -22"><span class='ocrx_word' id='word_1_177' title='bbox 56 2246 200 2324; x_wconf 59' lang='lat' dir='ltr'><strong>milicem</strong></span> <span class='ocrx_word' id='word_1_178' title='bbox 212 2264 384 2321; x_wconf 87' lang='lat' dir='ltr'><strong>numerus,</strong></span> <span class='ocrx_word' id='word_1_179' title='bbox 406 2241 551 2325; x_wconf 83' lang='lat' dir='ltr'><strong>peditum</strong></span> <span class='ocrx_word' id='word_1_180' title='bbox 565 2242 664 2323; x_wconf 80' lang='lat' dir='ltr'><strong>quina</strong></span> <span class='ocrx_word' id='word_1_181' title='bbox 685 2244 801 2317; x_wconf 83' lang='lat' dir='ltr'><strong>millia,</strong></span> <span class='ocrx_word' id='word_1_182' title='bbox 826 2246 961 2305; x_wconf 84' lang='lat' dir='ltr'><strong>trecenti</strong></span> <span class='ocrx_word' id='word_1_183' title='bbox 975 2260 1007 2305; x_wconf 91' lang='lat' dir='ltr'><strong>et</strong></span> <span class='ocrx_word' id='word_1_184' title='bbox 1021 2250 1076 2310; x_wconf 87' lang='lat' dir='ltr'><strong>tri·</strong></span> 
     </span>
     <span class='ocr_line' id='line_1_27' title="bbox 57 2329 1077 2415; baseline 0.002 -24"><span class='ocrx_word' id='word_1_185' title='bbox 57 2334 133 2415; x_wconf 70' lang='lat' dir='ltr'><strong>eqffl</strong></span> <span class='ocrx_word' id='word_1_186' title='bbox 194 2331 284 2393; x_wconf 85' lang='lat' dir='ltr'><strong>uites.</strong></span> <span class='ocrx_word' id='word_1_187' title='bbox 330 2331 371 2391; x_wconf 88' lang='lat' dir='ltr'><strong>Et</strong></span> <span class='ocrx_word' id='word_1_188' title='bbox 389 2329 478 2392; x_wconf 90' lang='lat' dir='ltr'><strong>sociis</strong></span> <span class='ocrx_word' id='word_1_189' title='bbox 496 2330 655 2411; x_wconf 72' lang='lat' dir='ltr'><strong>imperare</strong></span> <span class='ocrx_word' id='word_1_190' title='bbox 674 2346 820 2411; x_wconf 87' lang='lat' dir='ltr'><strong>praetor,</strong></span> <span class='ocrx_word' id='word_1_191' title='bbox 849 2332 901 2391; x_wconf 92' lang='lat' dir='ltr'><strong>cui</strong></span> <span class='ocrx_word' id='word_1_192' title='bbox 920 2333 1077 2415; x_wconf 72' lang='lat' dir='ltr'><strong>Hispania</strong></span> 
     </span>
    </p>

    <p class='ocr_par' dir='ltr' id='par_1_8' title="bbox 16 2415 1125 2506">
     <span class='ocr_line' id='line_1_28' title="bbox 16 2415 1125 2506; baseline 0.005 -25"><span class='ocrx_word' id='word_1_193' title='bbox 16 2492 20 2506; x_wconf 44' lang='grc' dir='ltr'>Ι</span> <span class='ocrx_word' id='word_1_194' title='bbox 59 2422 127 2489; x_wconf 68' lang='lat' dir='ltr'><strong>obt,</strong></span> <span class='ocrx_word' id='word_1_195' title='bbox 170 2420 177 2433; x_wconf 93' lang='grc'><strong>“</strong></span> <span class='ocrx_word' id='word_1_196' title='bbox 209 2434 258 2495; x_wconf 87' lang='lat' dir='ltr'><strong>et,</strong></span> <span class='ocrx_word' id='word_1_197' title='bbox 274 2416 381 2502; x_wconf 85' lang='lat' dir='ltr'><strong>¹jussus</strong></span> <span class='ocrx_word' id='word_1_198' title='bbox 396 2433 529 2499; x_wconf 84' lang='lat' dir='ltr'><strong>quatuor</strong></span> <span class='ocrx_word' id='word_1_199' title='bbox 548 2415 650 2475; x_wconf 79' lang='lat' dir='ltr'><strong>millia</strong></span> <span class='ocrx_word' id='word_1_200' title='bbox 665 2415 827 2498; x_wconf 87' lang='lat' dir='ltr'><strong>peditum,</strong></span> <span class='ocrx_word' id='word_1_201' title='bbox 862 2434 893 2477; x_wconf 90' lang='lat' dir='ltr'><strong>et</strong></span> <span class='ocrx_word' id='word_1_202' title='bbox 915 2435 1078 2486; x_wconf 82' lang='lat' dir='ltr'><strong>trecentos</strong></span> <span class='ocrx_word' id='word_1_203' title='bbox 1121 2460 1125 2470; x_wconf 93' lang='lat'><em>·</em></span> 
     </span>
    </p>

    <p class='ocr_par' dir='ltr' id='par_1_9' title="bbox 10 2502 194 2598">
     <span class='ocr_line' id='line_1_29' title="bbox 60 2506 194 2593; baseline -0.005 -25.272"><span class='ocrx_word' id='word_1_204' title='bbox 60 2506 194 2593; x_wconf 70' lang='lat' dir='ltr'><strong>eqqitet.</strong></span> 
     </span>
    </p>

    <p class='ocr_par' dir='ltr' id='par_1_10' title="bbox 10 2619 1079 2935">
     <span class='ocr_line' id='line_1_30' title="bbox 10 2619 1078 2765; baseline 0.007 -29"><span class='ocrx_word' id='word_1_205' title='bbox 10 2619 23 2700; x_wconf 53' lang='lat' dir='ltr'><strong>i</strong></span> <span class='ocrx_word' id='word_1_206' title='bbox 143 2678 234 2760; x_wconf 60' lang='lat'><strong>3111.</strong></span> <span class='ocrx_word' id='word_1_207' title='bbox 254 2672 334 2737; x_wconf 87' lang='lat' dir='ltr'><strong>Non</strong></span> <span class='ocrx_word' id='word_1_208' title='bbox 348 2673 418 2735; x_wconf 83' lang='lat' dir='ltr'><strong>ium</strong></span> <span class='ocrx_word' id='word_1_209' title='bbox 430 2673 574 2751; x_wconf 86' lang='lat' dir='ltr'><strong>nescius,</strong></span> <span class='ocrx_word' id='word_1_210' title='bbox 596 2675 636 2734; x_wconf 81' lang='lat' dir='ltr'><strong>ab</strong></span> <span class='ocrx_word' id='word_1_211' title='bbox 653 2672 766 2735; x_wconf 89' lang='lat' dir='ltr'><strong>eadem</strong></span> <span class='ocrx_word' id='word_1_212' title='bbox 778 2679 990 2762; x_wconf 79' lang='lat' dir='ltr'><strong>negligentia,</strong></span> <span class='ocrx_word' id='word_1_213' title='bbox 1015 2702 1078 2765; x_wconf 80' lang='lat' dir='ltr'><strong>qua</strong></span> 
     </span>
     <span class='ocr_line' id='line_1_31' title="bbox 57 2750 1079 2849; baseline 0 -19"><span class='ocrx_word' id='word_1_214' title='bbox 57 2750 145 2830; x_wconf 73' lang='lat' dir='ltr'><strong>stiltil</strong></span> <span class='ocrx_word' id='word_1_215' title='bbox 159 2766 252 2827; x_wconf 78' lang='lat' dir='ltr'><strong>Deos</strong></span> <span class='ocrx_word' id='word_1_216' title='bbox 264 2760 461 2845; x_wconf 88' lang='lat' dir='ltr'><strong>portendere</strong></span> <span class='ocrx_word' id='word_1_217' title='bbox 474 2764 568 2845; x_wconf 75' lang='lat' dir='ltr'><strong>vulgo</strong></span> <span class='ocrx_word' id='word_1_218' title='bbox 582 2782 673 2821; x_wconf 89' lang='lat' dir='ltr'><strong>nunc</strong></span> <span class='ocrx_word' id='word_1_219' title='bbox 693 2762 843 2841; x_wconf 81' lang='lat' dir='ltr'><strong>credant,</strong></span> <span class='ocrx_word' id='word_1_220' title='bbox 871 2788 979 2849; x_wconf 85' lang='lat' dir='ltr'><strong>neque</strong></span> <span class='ocrx_word' id='word_1_221' title='bbox 992 2789 1079 2829; x_wconf 88' lang='lat' dir='ltr'><strong>nun·</strong></span> 
     </span>
     <span class='ocr_line' id='line_1_32' title="bbox 59 2847 1079 2935; baseline 0.002 -24"><span class='ocrx_word' id='word_1_222' title='bbox 59 2850 137 2931; x_wconf 79' lang='lat' dir='ltr'><strong>tim</strong></span> <span class='ocrx_word' id='word_1_223' title='bbox 157 2848 335 2931; x_wconf 78' lang='lat' dir='ltr'><strong>admodum</strong></span> <span class='ocrx_word' id='word_1_224' title='bbox 357 2851 449 2909; x_wconf 83' lang='lat' dir='ltr'><strong>nulla</strong></span> <span class='ocrx_word' id='word_1_225' title='bbox 475 2847 619 2933; x_wconf 81' lang='lat' dir='ltr'><strong>prodigia</strong></span> <span class='ocrx_word' id='word_1_226' title='bbox 639 2850 677 2909; x_wconf 88' lang='lat' dir='ltr'><strong>in</strong></span> <span class='ocrx_word' id='word_1_227' title='bbox 698 2850 880 2931; x_wconf 86' lang='lat' dir='ltr'><strong>publicum,</strong></span> <span class='ocrx_word' id='word_1_228' title='bbox 909 2875 1016 2935; x_wconf 90' lang='lat' dir='ltr'><strong>neque</strong></span> <span class='ocrx_word' id='word_1_229' title='bbox 1039 2856 1079 2917; x_wconf 83' lang='lat' dir='ltr'><strong>in</strong></span> 
     </span>
    </p>

    <p class='ocr_par' dir='ltr' id='par_1_11' title="bbox 21 2934 1078 3018">
     <span class='ocr_line' id='line_1_33' title="bbox 21 2934 1078 3018; baseline -0.002 -17"><span class='ocrx_word' id='word_1_230' title='bbox 21 2971 25 2978; x_wconf 95' lang='lat'>·</span> <span class='ocrx_word' id='word_1_231' title='bbox 60 2942 200 3018; x_wconf 73' lang='lat' dir='ltr'><strong>annales</strong></span> <span class='ocrx_word' id='word_1_232' title='bbox 212 2935 338 2999; x_wconf 82' lang='lat' dir='ltr'><strong>referri.</strong></span> <span class='ocrx_word' id='word_1_233' title='bbox 384 2952 526 2997; x_wconf 88' lang='lat' dir='ltr'><strong>ceterum</strong></span> <span class='ocrx_word' id='word_1_234' title='bbox 540 2952 572 2996; x_wconf 89' lang='lat' dir='ltr'><strong>et</strong></span> <span class='ocrx_word' id='word_1_235' title='bbox 587 2934 676 3011; x_wconf 90' lang='lat' dir='ltr'><strong>mihi,</strong></span> <span class='ocrx_word' id='word_1_236' title='bbox 698 2934 832 2997; x_wconf 86' lang='lat' dir='ltr'><strong>vetustas</strong></span> <span class='ocrx_word' id='word_1_237' title='bbox 846 2958 898 2997; x_wconf 90' lang='lat' dir='ltr'><strong>res</strong></span> <span class='ocrx_word' id='word_1_238' title='bbox 913 2937 1078 3015; x_wconf 86' lang='lat' dir='ltr'><strong>scribenti,</strong></span> 
     </span>
    </p>

    <p class='ocr_par' dir='ltr' id='par_1_12' title="bbox 10 3012 1079 3122">
     <span class='ocr_line' id='line_1_34' title="bbox 10 3012 1079 3122; baseline -0.005 -33"><span class='ocrx_word' id='word_1_239' title='bbox 10 3069 17 3122; x_wconf 59' lang='lat' dir='ltr'><strong>q</strong></span> <span class='ocrx_word' id='word_1_240' title='bbox 57 3024 172 3089; x_wconf 67' lang='lat' dir='ltr'><strong>ndcio</strong></span> <span class='ocrx_word' id='word_1_241' title='bbox 185 3012 368 3107; x_wconf 61' lang='lat' dir='ltr'><strong>quo&#39;pacto,</strong></span> <span class='ocrx_word' id='word_1_242' title='bbox 392 3024 540 3105; x_wconf 89' lang='lat' dir='ltr'><strong>antiquus</strong></span> <span class='ocrx_word' id='word_1_243' title='bbox 557 3022 592 3082; x_wconf 84' lang='lat' dir='ltr'><strong>fit</strong></span> <span class='ocrx_word' id='word_1_244' title='bbox 606 3023 752 3098; x_wconf 79' lang='lat' dir='ltr'><strong>enimus3</strong></span> <span class='ocrx_word' id='word_1_245' title='bbox 785 3040 816 3083; x_wconf 84' lang='lat' dir='ltr'><strong>et</strong></span> <span class='ocrx_word' id='word_1_246' title='bbox 832 3024 988 3105; x_wconf 86' lang='lat' dir='ltr'><strong>quaedam</strong></span> <span class='ocrx_word' id='word_1_247' title='bbox 1004 3026 1079 3085; x_wconf 87' lang='lat' dir='ltr'><strong>reli-</strong></span> 
     </span>
    </p>

    <p class='ocr_par' dir='ltr' id='par_1_13' title="bbox 10 3106 1080 3200">
     <span class='ocr_line' id='line_1_35' title="bbox 10 3106 1080 3200; baseline 0 -28"><span class='ocrx_word' id='word_1_248' title='bbox 10 3145 15 3190; x_wconf 90' lang='lat'><strong>.·</strong></span> <span class='ocrx_word' id='word_1_249' title='bbox 55 3111 109 3200; x_wconf 69' lang='lat' dir='ltr'><strong>gio</strong></span> <span class='ocrx_word' id='word_1_250' title='bbox 124 3127 236 3188; x_wconf 89' lang='lat' dir='ltr'><strong>tenet,</strong></span> <span class='ocrx_word' id='word_1_251' title='bbox 257 3130 337 3193; x_wconf 83' lang='lat' dir='ltr'><strong>quae</strong></span> <span class='ocrx_word' id='word_1_252' title='bbox 350 3110 398 3170; x_wconf 92' lang='lat' dir='ltr'><strong>illi</strong></span> <span class='ocrx_word' id='word_1_253' title='bbox 411 3106 647 3193; x_wconf 81' lang='lat' dir='ltr'><strong>prudentissimi</strong></span> <span class='ocrx_word' id='word_1_254' title='bbox 661 3109 723 3169; x_wconf 80' lang='lat' dir='ltr'><strong>viri</strong></span> <span class='ocrx_word' id='word_1_255' title='bbox 737 3110 863 3190; x_wconf 88' lang='lat' dir='ltr'><strong>publice</strong></span> <span class='ocrx_word' id='word_1_256' title='bbox 878 3106 1080 3195; x_wconf 75' lang='lat' dir='ltr'><strong>suscipiende</strong></span> 
     </span>
    </p>

    <p class='ocr_par' dir='ltr' id='par_1_14' title="bbox 10 3190 1080 3280">
     <span class='ocr_line' id='line_1_36' title="bbox 10 3190 1080 3279; baseline 0.002 -20"><span class='ocrx_word' id='word_1_257' title='bbox 10 3191 27 3258; x_wconf 81' lang='lat' dir='ltr'><strong>l·</strong></span> <span class='ocrx_word' id='word_1_258' title='bbox 57 3198 266 3278; x_wconf 56' lang='lat' dir='ltr'><strong>messuerint,</strong></span> <span class='ocrx_word' id='word_1_259' title='bbox 289 3218 326 3257; x_wconf 86' lang='lat' dir='ltr'><strong>ea</strong></span> <span class='ocrx_word' id='word_1_260' title='bbox 339 3218 400 3279; x_wconf 88' lang='lat' dir='ltr'><strong>pro</strong></span> <span class='ocrx_word' id='word_1_261' title='bbox 414 3195 519 3279; x_wconf 80' lang='lat' dir='ltr'><strong>dignis</strong></span> <span class='ocrx_word' id='word_1_262' title='bbox 533 3194 670 3270; x_wconf 80' lang='lat' dir='ltr'><strong>bebere,</strong></span> <span class='ocrx_word' id='word_1_263' title='bbox 688 3214 769 3275; x_wconf 89' lang='lat' dir='ltr'><strong>quae</strong></span> <span class='ocrx_word' id='word_1_264' title='bbox 783 3195 821 3253; x_wconf 93' lang='lat' dir='ltr'><strong>in</strong></span> <span class='ocrx_word' id='word_1_265' title='bbox 837 3190 925 3257; x_wconf 87' lang='lat' dir='ltr'><strong>meos</strong></span> <span class='ocrx_word' id='word_1_266' title='bbox 941 3200 1080 3261; x_wconf 73' lang='lat' dir='ltr'><strong>annales</strong></span> 
     </span>
    </p>

    <p class='ocr_par' dir='ltr' id='par_1_15' title="bbox 10 3279 1081 3465">
     <span class='ocr_line' id='line_1_37' title="bbox 10 3279 1080 3372; baseline 0.003 -28"><span class='ocrx_word' id='word_1_267' title='bbox 10 3282 13 3322; x_wconf 68' lang='lat'>³</span> <span class='ocrx_word' id='word_1_268' title='bbox 52 3284 212 3372; x_wconf 53' lang='lat' dir='ltr'><strong>&#39;westwu-</strong></span> <span class='ocrx_word' id='word_1_269' title='bbox 256 3280 406 3365; x_wconf 83' lang='lat' dir='ltr'><strong>Anagnia</strong></span> <span class='ocrx_word' id='word_1_270' title='bbox 420 3280 483 3345; x_wconf 89' lang='lat' dir='ltr'><strong>duo</strong></span> <span class='ocrx_word' id='word_1_271' title='bbox 502 3280 646 3365; x_wconf 77' lang='lat' dir='ltr'><strong>prodigia</strong></span> <span class='ocrx_word' id='word_1_272' title='bbox 666 3300 704 3340; x_wconf 88' lang='lat' dir='ltr'><strong>eo</strong></span> <span class='ocrx_word' id='word_1_273' title='bbox 719 3300 808 3341; x_wconf 84' lang='lat' dir='ltr'><strong>enno</strong></span> <span class='ocrx_word' id='word_1_274' title='bbox 822 3279 897 3341; x_wconf 89' lang='lat' dir='ltr'><strong>sunt</strong></span> <span class='ocrx_word' id='word_1_275' title='bbox 911 3287 1080 3364; x_wconf 78' lang='lat' dir='ltr'><strong>nuntiata3</strong></span> 
     </span>
     <span class='ocr_line' id='line_1_38' title="bbox 62 3359 1081 3465; baseline 0.002 -32"><span class='ocrx_word' id='word_1_276' title='bbox 62 3359 176 3465; x_wconf 92' lang='lat' dir='ltr'><strong>Imm</strong></span> <span class='ocrx_word' id='word_1_277' title='bbox 187 3372 227 3434; x_wconf 88' lang='lat' dir='ltr'><strong>in</strong></span> <span class='ocrx_word' id='word_1_278' title='bbox 242 3372 332 3430; x_wconf 90' lang='lat' dir='ltr'><strong>coelo</strong></span> <span class='ocrx_word' id='word_1_279' title='bbox 348 3367 568 3451; x_wconf 84' lang='lat' dir='ltr'><strong>conspectam,</strong></span> <span class='ocrx_word' id='word_1_280' title='bbox 590 3382 621 3428; x_wconf 89' lang='lat' dir='ltr'><strong>et</strong></span> <span class='ocrx_word' id='word_1_281' title='bbox 639 3370 753 3427; x_wconf 83' lang='lat' dir='ltr'><strong>berem</strong></span> <span class='ocrx_word' id='word_1_282' title='bbox 767 3364 925 3432; x_wconf 80' lang='lat' dir='ltr'><strong>feminam</strong></span> <span class='ocrx_word' id='word_1_283' title='bbox 940 3374 1081 3435; x_wconf 81' lang='lat' dir='ltr'><strong>locutam</strong></span> 
     </span>
    </p>

    <p class='ocr_par' dir='ltr' id='par_1_16' title="bbox 10 3448 1082 3561">
     <span class='ocr_line' id='line_1_39' title="bbox 10 3448 1082 3561; baseline 0.004 -44"><span class='ocrx_word' id='word_1_284' title='bbox 10 3531 14 3540; x_wconf 34' lang='grc' dir='ltr'>Ι</span> <span class='ocrx_word' id='word_1_285' title='bbox 64 3448 192 3561; x_wconf 46' lang='grc' dir='ltr'><strong>Μὰρ</strong></span> <span class='ocrx_word' id='word_1_286' title='bbox 214 3458 265 3521; x_wconf 87' lang='lat' dir='ltr'><strong>ali.</strong></span> <span class='ocrx_word' id='word_1_287' title='bbox 310 3457 488 3517; x_wconf 85' lang='lat' dir='ltr'><strong>Minturnis</strong></span> <span class='ocrx_word' id='word_1_288' title='bbox 502 3475 626 3538; x_wconf 88' lang='lat' dir='ltr'><strong>quoque</strong></span> <span class='ocrx_word' id='word_1_289' title='bbox 642 3474 701 3536; x_wconf 87' lang='lat' dir='ltr'><strong>per</strong></span> <span class='ocrx_word' id='word_1_290' title='bbox 716 3473 771 3513; x_wconf 87' lang='lat' dir='ltr'><strong>eos</strong></span> <span class='ocrx_word' id='word_1_291' title='bbox 785 3452 853 3517; x_wconf 90' lang='lat' dir='ltr'><strong>dies</strong></span> <span class='ocrx_word' id='word_1_292' title='bbox 866 3458 1082 3532; x_wconf 75' lang='lat' dir='ltr'><strong>coelierden·</strong></span> 
     </span>
    </p>

    <p class='ocr_par' dir='ltr' id='par_1_17' title="bbox 10 3539 1091 3717">
     <span class='ocr_line' id='line_1_40' title="bbox 10 3539 1091 3631; baseline -0.002 -24"><span class='ocrx_word' id='word_1_293' title='bbox 10 3547 17 3622; x_wconf 69' lang='grc' dir='ltr'>ξ</span> <span class='ocrx_word' id='word_1_294' title='bbox 63 3542 240 3631; x_wconf 68' lang='lat' dir='ltr'><strong>nespeeies</strong></span> <span class='ocrx_word' id='word_1_295' title='bbox 262 3539 432 3603; x_wconf 82' lang='lat' dir='ltr'><strong>affidserat.</strong></span> <span class='ocrx_word' id='word_1_296' title='bbox 474 3544 575 3619; x_wconf 78' lang='lat' dir='ltr'><strong>Reate</strong></span> <span class='ocrx_word' id='word_1_297' title='bbox 596 3541 695 3601; x_wconf 87' lang='lat' dir='ltr'><strong>imbri</strong></span> <span class='ocrx_word' id='word_1_298' title='bbox 712 3540 881 3623; x_wconf 75' lang='lat' dir='ltr'><strong>lapidavit,</strong></span> <span class='ocrx_word' id='word_1_299' title='bbox 907 3548 1029 3607; x_wconf 62' lang='lat' dir='ltr'><strong>&#39;’Curnis</strong></span> <span class='ocrx_word' id='word_1_300' title='bbox 1042 3548 1091 3621; x_wconf 73' lang='lat' dir='ltr'><strong>itt.</strong></span> 
     </span>
     <span class='ocr_line' id='line_1_41' title="bbox 62 3627 1085 3717; baseline -0.002 -24"><span class='ocrx_word' id='word_1_301' title='bbox 62 3630 282 3717; x_wconf 70' lang='lat' dir='ltr'><strong>arce&#39;Apollo·</strong></span> <span class='ocrx_word' id='word_1_302' title='bbox 292 3627 435 3690; x_wconf 89' lang='lat' dir='ltr'><strong>triduum</strong></span> <span class='ocrx_word' id='word_1_303' title='bbox 451 3648 489 3688; x_wconf 85' lang='lat' dir='ltr'><strong>ac</strong></span> <span class='ocrx_word' id='word_1_304' title='bbox 512 3644 576 3689; x_wconf 88' lang='lat' dir='ltr'><strong>tres</strong></span> <span class='ocrx_word' id='word_1_305' title='bbox 589 3643 701 3705; x_wconf 85' lang='lat' dir='ltr'><strong>noctes</strong></span> <span class='ocrx_word' id='word_1_306' title='bbox 722 3628 910 3695; x_wconf 77' lang='lat' dir='ltr'><strong>lacrimavit.</strong></span> <span class='ocrx_word' id='word_1_307' title='bbox 950 3636 989 3695; x_wconf 90' lang='lat' dir='ltr'><strong>in</strong></span> <span class='ocrx_word' id='word_1_308' title='bbox 1003 3635 1085 3692; x_wconf 86' lang='lat' dir='ltr'><strong>urbe</strong></span> 
     </span>
    </p>
   </div>
   <div class='ocr_carea' id='block_1_4' title="bbox 19 3714 1128 3895">
    <p class='ocr_par' dir='ltr' id='par_1_18' title="bbox 19 3714 1128 3895">
     <span class='ocr_line' id='line_1_42' title="bbox 19 3714 1107 3804; baseline -0.01 -20"><span class='ocrx_word' id='word_1_309' title='bbox 19 3737 22 3744; x_wconf 91' lang='grc'><strong>’</strong></span> <span class='ocrx_word' id='word_1_310' title='bbox 61 3718 217 3804; x_wconf 63' lang='lat' dir='ltr'><strong>Romana</strong></span> <span class='ocrx_word' id='word_1_311' title='bbox 229 3716 296 3789; x_wconf 70' lang='lat' dir='ltr'><strong>duo,</strong></span> <span class='ocrx_word' id='word_1_312' title='bbox 306 3714 425 3788; x_wconf 82' lang='lat' dir='ltr'><strong>aeditui</strong></span> <span class='ocrx_word' id='word_1_313' title='bbox 437 3716 649 3796; x_wconf 51' lang='lat' dir='ltr'><strong>nuntiarum.</strong></span> <span class='ocrx_word' id='word_1_314' title='bbox 657 3716 759 3795; x_wconf 77' lang='lat' dir='ltr'><strong>alter,</strong></span> <span class='ocrx_word' id='word_1_315' title='bbox 777 3717 821 3784; x_wconf 77' lang='lat' dir='ltr'><strong>&#39;m</strong></span> <span class='ocrx_word' id='word_1_316' title='bbox 834 3718 917 3785; x_wconf 63' lang='lat' dir='ltr'><strong>sede</strong></span> <span class='ocrx_word' id='word_1_317' title='bbox 926 3718 1107 3785; x_wconf 56' lang='lat' dir='ltr'><strong>Bonum</strong></span> 
     </span>
     <span class='ocr_line' id='line_1_43' title="bbox 80 3795 1128 3895; baseline -0.007 -30"><span class='ocrx_word' id='word_1_318' title='bbox 80 3860 89 3893; x_wconf 32' lang='grc' dir='ltr'><strong>Ι,</strong></span> <span class='ocrx_word' id='word_1_319' title='bbox 110 3804 147 3871; x_wconf 81' lang='lat' dir='ltr'><strong>T.</strong></span> <span class='ocrx_word' id='word_1_320' title='bbox 166 3795 429 3890; x_wconf 57' lang='lat' dir='ltr'><strong>M&#39;Tmossl.</strong></span> <span class='ocrx_word' id='word_1_321' title='bbox 680 3804 740 3871; x_wconf 77' lang='lat' dir='ltr'><strong>Oe</strong></span> <span class='ocrx_word' id='word_1_322' title='bbox 778 3886 784 3895; x_wconf 24' lang='grc' dir='ltr'><strong><em>ἐ</em></strong></span> <span class='ocrx_word' id='word_1_323' title='bbox 1062 3816 1128 3859; x_wconf 66' lang='lat' dir='ltr'><strong>cst·</strong></span> 
     </span>
    </p>
   </div>
   <div class='ocr_carea' id='block_1_5' title="bbox 0 0 1192 4140">
    <p class='ocr_par' dir='ltr' id='par_1_19' title="bbox 0 0 1192 4140">
     <span class='ocr_line' id='line_1_44' title="bbox 0 0 1192 4140; baseline 0 0"><span class='ocrx_word' id='word_1_324' title='bbox 0 0 1192 4140; x_wconf 95' lang='lat' dir='ltr'><strong> </strong></span> 
     </span>
    </p>
   </div>
  </div>
 </body>
</html>
