2354 4140
123 148 184 193 112
250 120 406 189 LIBER
427 125 568 196 xxxm.
614 128 687 189 Car.
704 126 846 191 XXXIII.
861 126 1001 194 XXXIV.
1036 128 1040 133 ’

279 246 282 251 ·
359 232 397 291 U.
416 232 449 292 C.
465 234 539 304 556.
677 236 755 295 a.'C.
773 236 815 297 N.
838 236 907 316 196.

118 374 170 437 res
190 350 444 436 suppeditabant.
489 372 554 413 nec
574 353 725 436 praesens
743 358 896 417 'omnium
920 353 1017 415 modo
1033 352 1134 415 efhtsa

116 441 238 502 laetitia
261 437 321 517 est3
350 437 406 501 sed
426 457 487 522 per
505 440 621 500 multos
636 439 704 502 dies
719 443 814 525 gratis
831 458 863 503 et
877 440 1133 525 cogitationibus,

117 543 150 588 et
168 525 550 593 sermonibus.tevoeata:
588 524 653 606 Effe
675 526 800 611 aliquam
829 535 860 591 itt
885 532 982 589 terris
1007 546 1134 614 gentem,

116 630 190 695 quae
204 613 260 697 sua
282 606 428 697 impensa,
452 611 510 694 fa‘o
531 611 631 672 labore
651 633 685 675 ac
709 614 843 696 periculo
868 613 939 676 bello
965 634 1055 699 gerat
1070 635 1132 697 pre

98 688 250 761 'tiberiae
274 699 418 781 aliorum:
447 708 502 759 ntc'
517 693 571 759 hoc
589 694 742 776 finitimis,
774 690 1040 784 aut·'propinquae
1058 682 1132 763 vici·

114 782 430 867 niictis‚bominibrs,
467 803 520 845 aut
549 791 643 847 terris
664 791 830 849 continenti
845 791 958 870 junctis
980 784 1130 871 praestet:

113 878 207 937 nort·
228 875 375 956 trajiciat,
406 892 441 931 ne
463 870 542 953 qaod
565 889 629 933 toto
654 871 725 933 orbe'
744 893 895 935 terrarum
923 874 1060 957 injustum
1074 879 1129 936 im·

111 964 233 1044 perium
250 956 307 1033 fit,
329 977 359 1017 et
373 956 554 1042 ubiquejus,
568 956 641 1038 fas.
665 956 714 1019 lex
728 957 1008 1045 potentisfimafiet.
1059 957 1128 1021 Ura

96 1069 180 1121 ¹tratre
202 1049 359 1130 praecoffis
381 1043 518 1105 liberatas
540 1043 794 1115 omneoGraeciae
818 1066 908 1127 atque
924 1043 1126 1120 Asiae-urbes.

113 1134 178 1196 Hoc
193 1134 250 1217 spe
273 1136 445 1211 concipere,
475 1129 593 1211 cumeis
611 1136 702 1193 animi
715 1130 827 1216 fuiffet
867 1131 907 1196 ad
927 1130 1126 1215 effecund-

113 1220 238 1289 dutere,
262 1220 391 1278 virtutis
416 1236 446 1277 et
460 1216 606 1299 fhrtucae
628 1221 769 1305 ingemit.

215 1393 354 1455 XXXIV.
376 1387 560 1452 Secundum
573 1388 631 1451 ista
640 1390 706 1474 jam
722 1391 893 1471 Quinctius
908 1408 940 1453 et
955 1390 1070 1455 decem
1081 1394 1129 1456 le?

109 1483 173 1569 gati
201 1481 375 1564 legationes
401 1484 531 1559 regum,
573 1479 735 1560 gentium,
780 1481 1005 1561 civitatumque
1035 1480 1124 1545 audi·

71 1560 75 1570 ’
109 1590 195 1634 rere.
239 1566 338 1628 Primi
368 1566 516 1625 omnium
537 1565 622 1646 regis
637 1562 794 1627 Antiochi
809 1569 912 1629 vocati
927 1567 1023 1649 legati
1036 1566 1122 1632 sunt.

106 1656 160 1721 his
174 1653 297 1730 eadem,
320 1670 400 1735 quae
415 1649 724 1730 serellomaeerant,
743 1656 842 1714 verba
854 1652 922 1715 stne
937 1652 1001 1715 fide
1010 1676 1123 1717 rerum

108 1748 229 1831 jactata.
275 1740 368 1813 Nihil
388 1738 453 1823 jam
472 1738 644 1820 perplexe„
667 1755 704 1797 ut
726 1757 821 1817 ante,
844 1762 918 1801 cum
935 1740 1056 1819 dubiae
1069 1762 1121 1813 res

106 1828 263 1909 incolumi
285 1826 431 1909 Philippo
449 1840 562 1901 erant,
590 1823 646 1901 sed
665 1843 776 1909 aperte
792 1828 1064 1910 pronunciatum,
1083 1842 1120 1893 ut

108 1916 278 1980 excederet
290 1913 383 1977 Altae
399 1913 541 1988 urbibus,
555 1933 635 1993 quae
651 1928 705 1971 aut
713 1912 867 1997 Philippi,
878 1920 935 1974 aut
945 1914 1133 1977 Ptolemaei

105 2028 218 2090 regum
237 2002 376 2064 suillent.
422 2001 599 2061 abstineret
611 2000 744 2078 liberas,
775 2020 952 2083 omnesque
967 1996 1118 2069 Graecas.

102 2094 193 2157 Ante
199 2092 319 2153 'omnia
332 2087 567 2162 denuntiatum,
591 2106 636 2146 ne
651 2087 689 2147 in
695 2087 858 2171 Europam
873 2105 926 2148 aut
936 2086 1001 2171 ipse
1015 2104 1119 2151 trans

103 2181 184 2257 iret,
204 2196 258 2241 aut
275 2179 382 2259 copias
403 2174 571 2256 trajiceret.
615 2170 760 2235 Dimisfis
782 2174 865 2258 regis
888 2174 1019 2257 legatis,
1041 2190 1117 2251 ctort-¹

103 2264 219 2331 ventus
241 2265 385 2349 gentium
405 2261 630 2339 civitatumque
651 2256 696 2329 est
717 2260 829 2322 haberi
846 2278 990 2345 coeptus:
1013 2282 1115 2346 eoque

102 2356 255 2433 maturius
285 2350 511 2433 peragebatur,
544 2343 630 2426 quod
653 2344 781 2407 decreta
804 2344 917 2408 decem
937 2350 1114 2433 legatorum

101 2442 242 2503 civitates
263 2433 456 2495 nominatim
475 2433 738 2513 pronuntiabant.
785 2434 920 2511 Orestis,
949 2434 1112 2511 (Macedo-

101 2549 183 2587 num
205 2546 241 2584 ea
264 2542 342 2605 gens
364 2518 422 2597 est)
440 2516 526 2600 quod
548 2518 646 2600 primi
666 2524 705 2581 ab
720 2542 795 2605 rege
810 2518 1016 2599 defecissent,
1038 2522 1113 2585 suae

99 2617 184 2696 leges
206 2608 360 2671 redditae.
406 2609 586 2687 Magnetes,
606 2623 638 2665 et
651 2608 831 2685 Perrhaebi,
851 2625 884 2668 et
896 2608 1053 2692 Dolopes,
1074 2608 1113 2671 li·
1143 2608 1161 2617 ”

99 2701 171 2760 beri
191 2717 314 2781 quoque
334 2693 542 2778 pronuntiati.
594 2693 816 2756 Thessalorum
840 2696 947 2779 genti,
980 2710 1111 2778 praeter

96 2789 279 2848 libertatem
310 2780 504 2857 concessam,
539 2776 661 2842 Achaei
680 2782 844 2844 Phthiotae
868 2780 950 2858 dati,
985 2782 1109 2845 Thebis

97 2870 281 2935 Phthioticis
308 2887 343 2930 et·
361 2867 505 2929 Pharsalo
528 2885 670 2950 excepto.
712 2866 841 2929 Aetolos
857 2867 897 2929 de
912 2866 1059 2930 Pharsalo
1075 2884 1109 2931 et

98 2957 475 3041 Leucade'postulantes,
504 2970 540 3013 ut
563 2975 603 3013 ex
625 2953 755 3021 saedere
777 2955 836 3016 sibi
850 2952 1106 3033 restituerentur,

97 3047 297 3109 adsertorum
313 3046 504 3126 rejecerunt.
549 3040 742 3123 Phocenses,
768 3040 951 3117 Locrenses,
974 3059 1009 3102 et
1022 3062 1106 3125 quae
1154 3118 1157 3123 Ι

96 3133 173 3194 sicut
193 3150 268 3193 ante
283 3130 412 3191 fuerant
426 3129 564 3209 adjecta,
590 3125 710 3189 decreti
723 3130 906 3189 auctoritate
919 3128 968 3189 his
982 3130 1103 3191 contri-

95 3223 244 3281 buerunt.
265 3254 268 3263 ·
289 3218 477 3290 Corinthus,
501 3230 532 3274 et
545 3215 725 3297 Triphylia,
748 3229 780 3275 et
793 3218 918 3276 Heraea
931 3216 1101 3299 (Pelopon-

93 3308 162 3368 nesi
176 3324 207 3369 et
219 3302 285 3391 ipsa
296 3308 374 3365 urbs
390 3304 449 3379 est)
458 3298 584 3361 reddita
597 3300 743 3363 Achaeis.
767 3303 887 3363 Oreum
902 3302 1102 3375 etEretriam
1120 3318 1128 3363 ·,

93 3386 205 3455 decem
228 3394 320 3477 legati
340 3388 482 3463 Eumeni
500 3389 585 3471 regi,
601 3384 702 3450 Attali
715 3385 797 3466 filio,
821 3388 949 3451 dabant.
982 3386 1102 3451 dissen-

93 3484 192 3543 tiente
210 3482 371 3559 Quinctio,
394 3475 486 3538 venit
499 3494 552 3536 res
567 3476 605 3536 in
619 3477 788 3538 arbitrium
804 3474 947 3537 senatus:
969 3474 1101 3539 senatus

90 3570 271 3630 libertatem
291 3564 342 3624 his
364 3563 541 3643 civitatibus
560 3560 665 3640 dedit,
689 3560 818 3644 Carysto
832 3562 963 3645 adjecto.
1008 3565 1098 3625 Pleu·
1124 3610 1137 3623 .

80 3674 158 3733 ,rato
189 3659 290 3735 Lycus
319 3666 351 3709 et
371 3648 514 3710 Parthini
534 3648 631 3715 ,datia
659 3650 841 3732 Illyriorum
862 3664 994 3733 utraque
1015 3670 1099 3735 gens

88 3742 145 3805 sub
161 3739 284 3802 ditione
298 3736 436 3823 Philippi
451 3735 572 3801 suerat·
608 3733 860 3819 Amynandrum
876 3750 990 3811 tenere
1002 3736 1097 3823 jusse-

96 3848 101 3857 “
146 3888 151 3899 ,
434 3876 445 3901 c
1014 3838 1096 3889 mut
