2354 4140
222 68 379 181 mmtn
407 113 535 178 xxxn.
579 116 651 177 co.
678 116 778 175 xvu.
806 114 928 177 xvur
1031 122 1077 191 73

479 198 1076 217 ἡ*

470 296 1079 323 -----·-----ι-ιι

68 342 245 426 Fugatique
272 362 312 401 ex
330 338 432 402 insola
454 338 690 414 foeneratores,
718 355 748 398 et
769 336 902 415 sumtus,
932 360 1010 420 quos
1036 340 1075 401 in

70 432 196 493 cultum
223 444 406 511 praetorum
427 424 503 487 socii
523 424 628 487 facere
646 423 729 487 soliti
750 442 860 502 erant,
888 423 1074 501 circumcili,

70 533 126 581 out
151 514 277 585 sublati
327 516 399 577 Sex.
422 512 531 575 Aelius
554 510 663 572 consul
686 534 727 573 ex
751 513 856 571 Gallia
874 514 1073 573 comitiormn

73 601 165 665 caula
185 596 325 665 Romam
345 622 419 661 cmn
440 598 586 674 redisset,
612 600 732 661 creavit
746 597 891 659 consules
903 601 937 657 C.
955 601 1073 661 Corne-

73 692 153 753 lium
185 688 359 770 Cethegum
389 703 421 746 et
448 687 487 765 Q.
509 686 686 747 Minucium
707 683 840 747 Rufum.
886 684 987 747 Biduo
1006 684 1075 771 post

72 792 258 863 praetorum
281 774 407 835 comitia
420 773 537 833 habita.
582 773 643 837 sex
658 788 819 855 praetores
834 770 890 833 illo
904 792 992 831 anno
1009 773 1072 855 pri·

70 886 165 925 mum
186 860 303 936 creati,
331 859 542 922 crescentibus
565 859 629 941 jum
648 860 840 942 provinciis,
869 876 901 919 et
915 858 1004 917 latius
1041 878 1071 919 a·

72 950 216 1012 teIcente
239 946 382 1031 imperio.
418 947 515 1007 creati
536 962 640 1005 autem
658 946 709 1021 hi,
746 882 1074 1019 1..u1a111it1sVuI[0,

73 1038 112 1099 C.
124 1035 334 1118 Sempronius
348 1031 538 1107 Tuditanus,
561 1034 605 1093 Μ.
622 1032 744 1113 Sergius
761 1033 853 1107 Silus,
880 1035 921 1092 Μ.
934 1031 1075 1107 Helvius,

72 1124 121 1187 M.
134 1122 294 1184 Minucius
311 1118 433 1196 Rufus,
456 1120 490 1180 L.
507 1118 633 1179 Atilius.
677 1118 883 1201 Sempronius
898 1135 930 1177 et
945 1117 1077 1179 Helvius

75 1232 121 1271 ex
137 1210 176 1269 iis
197 1206 315 1269 aediles
328 1208 430 1287 plebis
445 1221 547 1266 erant.
591 1205 714 1267 curules
728 1205 844 1265 aediles
860 1208 899 1283 Q.
915 1203 1077 1265 Minucios

37 1334 45 1349 .
76 1294 236 1355 Thermus
259 1310 291 1353 et
312 1296 361 1354 Ti
386 1294 593 1375 Sempronius
609 1292 745 1375 Longus.
787 1290 868 1353 Ludi
882 1291 1026 1372 Romani
1038 1310 1077 1349 eo

81 1400 171 1441 anno
186 1398 294 1465 quater
302 1380 477 1443 instaurati.

10 1624 12 1631 Ι
179 1554 327 1615 XXVIII.
370 1554 405 1613 C.
432 1551 584 1612 Cornelio
604 1564 634 1610 et
655 1550 695 1627 Q
720 1551 864 1611 Minucio
886 1549 1075 1623 consulibus,

75 1639 224 1701 omnium
249 1639 388 1719 primum
411 1636 451 1698 de
467 1637 640 1720 provinciis
654 1636 818 1698 consulum
832 1654 1076 1719 praetorumque

74 1742 192 1789 actum.
235 1724 322 1785 Prius
337 1724 378 1784 de
391 1726 588 1803 praetoribus
608 1738 764 1783 transacta
779 1746 839 1797 res,
856 1745 934 1803 (luae
944 1720 1077 1803 transigi

73 1810 160 1872 [orte
182 1823 315 1891 poterat.
357 1812 480 1867 urbana
503 1808 626 1888 Sergio,
648 1810 818 1890 peregrina
832 1806 1004 1889 iurisdictio
1017 1808 1076 1869 Illi-

73 1896 179 1957 nocio
208 1893 325 1970 obtigit.
376 1890 556 1951 Sardiniam
586 1890 719 1966 Atilius,
763 1895 900 1953 Siciliam
927 1895 1077 1967 Manlius,

15 2054 18 2059 Ι
79 1974 275 2056 Hispaniam
296 1975 512 2055 Semproniusi
525 1976 722 2049 citeriorem,
752 1978 883 2035 Helvius
898 1980 1080 2037 ulteriorem

15 2088 18 2093 ’
79 2061 128 2125 est
151 2059 285 2120 sortitus.
328 2057 516 2121 Consulibus
540 2059 663 2118 Italiam
683 2060 964 2139 Macedoniamque
977 2062 1082 2123 l'oniri

76 2148 285 2235 parantibus,
314 2147 349 2206 L.
373 2145 496 2229 Oppius
518 2162 550 2205 et
571 2146 610 2224 Q.
633 2145 758 2208 Fulvius
774 2146 896 2207 tribuni
908 2146 1009 2227 plebis
1023 2147 1081 2206 im-

43 2264 47 2270 ·
77 2234 268 2321 pedimento
289 2248 399 2308 erant,
433 2231 514 2312 quod
543 2232 702 2316 longinqua
730 2235 887 2313 provincia
909 2228 1083 2292 Macedonia

79 2320 164 2402 effet:
201 2339 289 2399 neque
325 2317 384 2379 ullu
408 2316 467 2379 ulia
498 2340 547 2380 res
572 2318 662 2399 majus
686 2317 759 2379 lello
786 2318 1018 2400 impedimentum
1044 2314 1084 2378 ad

79 2428 139 2469 eun
167 2405 241 2466 diem
262 2405 386 2485 suillo,
422 2423 507 2485 quam
536 2404 633 2485 quod,
668 2404 791 2467 vixdum
822 2403 963 2467 inchoatis
984 2402 1081 2483 rebus,

81 2498 113 2555 iu
143 2491 204 2575 ipso
245 2510 348 2551 conatu
381 2491 503 2575 gerendi
536 2490 603 2553 belli
635 2496 726 2572 prior
753 2491 849 2575 consul
877 2512 1079 2557 revocaretur.

81 2578 229 2658 Quartum
246 2578 321 2657 jam
352 2596 456 2637 annum
489 2578 540 2658 effe
571 2576 607 2637 ab
633 2578 750 2641 decreto
781 2578 971 2643 Macedonico
999 2577 1098 2641 belo

80 2663 258 2746 Quaerendo
294 2683 390 2747 regent
424 2683 454 2722 et
480 2668 639 2725 exercitum
666 2667 729 2747 ejus
759 2664 919 2747 Sulpicium
943 2666 1081 2749 utajorent

19 2810 22 2815 ,
102 2770 196 2827 ortatu
226 2752 304 2835 'unni
338 2745 501 2832 absumsisse.
571 2748 707 2829 Villium,
750 2753 984 2837 congredientem
1020 2771 1082 2813 tutu

79 2771 177 2914 Iuste,
220 2858 254 2897 re
283 2836 392 2914 infectu
417 2856 590 2898 reuocatum.
634 2838 822 2916 Quinctium,
857 2837 945 2898 rebus
974 2836 1082 2899 divinit

23 2962 26 2967 ·
83 2922 189 2985 Rome
215 2924 348 3005 majorem
372 2940 489 3003 partem
514 2927 583 2983 anni
602 2943 760 2999 retentum,
791 2928 833 2984 ita
855 2922 963 3009 gesfisse
986 2940 1082 2984 tomen

83 3029 149 3084 res,
193 3028 247 3083 ut,
284 3005 310 3082 fi
338 3027 390 3069 aut
417 3014 565 3070 maturius
592 3014 623 3071 in
651 3016 831 3094 provintiam
852 3010 988 3090 venislit,
1028 3026 1082 3069 aut

83 3090 171 3159 biens
191 3097 283 3180 magis
294 3094 365 3177 sera
376 3093 503 3176 fuiffit,
522 3100 656 3174 potuerit
676 3096 827 3158 debellare.
875 3095 962 3154 Nunc
982 3116 1082 3177 prope

82 3180 116 3242 itt
133 3177 256 3242 hiberna
279 3178 463 3261 profectum,
494 3186 536 3243 itu
556 3203 723 3265 comparare
743 3180 937 3261 duiletum,
956 3202 1007 3259 ut,
1027 3176 1082 3255 nisi

20 3286 23 3291 ·
76 3266 220 3353 sucteffor
241 3266 400 3349 impediat,
432 3270 630 3349 perfecturus
647 3267 749 3345 uellate
772 3271 911 3348 proxima
932 3268 1082 3331 uideatur.

83 3354 142 3417 His
166 3355 360 3415 orationibus
381 3354 601 3436 pervicerunt,
633 3373 668 3414 ut
680 3355 824 3415 consoles
840 3357 876 3415 in
890 3354 1015 3417 senatus
1031 3376 1083 3414 an-

82 3443 226 3502 ctoritate
242 3438 313 3500 fore
326 3438 471 3501 dicerent
485 3442 536 3517 Ie,
559 3442 683 3503 iridem
696 3443 819 3507 tribuni
834 3441 985 3503 lacerent.
1013 3445 1084 3501 Per·

37 3552 40 3557 ’
82 3528 281 3589 mittentibus
313 3528 452 3607 utrisque
489 3529 623 3588 liberam
657 3528 936 3605 consultationem,
978 3531 1085 3588 Patres

17 3656 21 3665 ·
83 3612 263 3689 consulibus
281 3614 432 3674 ambobus
448 3615 571 3675 Italiam
584 3616 782 3697 provinciam
799 3614 1021 3676 decreverunt.
1044 3608 1085 3673 Τ.

85 3701 238 3783 Quinctio
255 3715 470 3786 prorogarunt
486 3700 677 3787 imperium,
700 3702 808 3775 donec
831 3699 987 3770 luccelior
1004 3698 1103 3761 eine·

563 3790 595 3859 E
615 3801 639 3875 5
910 3878 913 3885 Ι
1004 3780 1127 3854 odiu.-
