2354 4140
22 3608 35 3631 a
116 3565 210 3624 etius.
233 3582 253 3622 a
271 3578 334 3639 quo
357 3574 431 3615 oum
444 3550 545 3613 inulta
558 3549 634 3611 lucii

45 102 59 133 ”
93 82 224 231 ias-
268 100 424 195 niatu
444 75 594 198 turni·
628 114 831 211 uarro.
853 118 980 195 turn.
1017 194 1021 199 .
1068 82 1070 86 ⁵

229 355 340 416 XXVI.
363 354 525 413 Praetores
539 351 660 413 'deinde
679 355 859 434 provincias
875 353 984 431 sortiti,
1000 358 1033 416 L.
1050 353 1138 438 Apu.

128 444 203 508 Itius
218 443 309 504 Fullo
323 440 482 505 urbanam
496 437 768 521 jurisdictionem,
795 442 847 500 Μ’.
861 438 983 505 Acilius
1001 443 1138 506 Glabrio

127 536 216 599 inter
238 530 323 593 cives
344 542 375 586 et
394 518 599 609 peregrinos,
629 527 666 604 Ω.
692 527 806 587 Fabius
831 527 930 588 Buteo
946 531 1138 613 Hispaniam

124 618 332 689 ulteriorem,
363 614 401 692 Q.
418 612 584 674 Minucius
605 613 764 681 Thermus
789 614 986 692 citeriorem,
1010 612 1044 677 C.
1061 619 1137 691 Lae.

103 696 199 771 'lius'
213 702 366 776 Siciliam,
379 740 386 767 ;-
402 699 452 759 Ti.
476 698 683 782 Sempronius
707 703 832 782 Longus
858 701 1049 764 Sardiniam.
1096 707 1138 784 Ω.

128 791 225 855 Fabio
250 785 388 848 Buteoni
401 800 432 871 et
447 787 486 864 Q.
504 787 662 862 Minucio,
687 789 799 869 quibus
815 789 989 871 Hispaniae
1005 792 1137 873 provin.

110 936 112 940 ,
128 881 196 940 siae
210 888 403 948 evenerant,
427 871 570 939 eonsules
583 873 723 956 legiones
742 872 877 957 strigulus
893 898 935 937 ex
946 888 1080 958 quatuor
1094 880 1137 938 ab
1147 890 1169 953 ,’

126 963 324 1047 suscriptis,
354 980 430 1041 quas
454 956 633 1035 videretur,
666 961 713 1023 uti
730 959 868 1037 darent,
892 961 1052 1043 decretum
1067 963 1134 1039 est3

127 1051 247 1121 [ocium
272 1070 309 1108 ac
321 1046 472 1107 nominis
489 1047 594 1108 Latini
609 1062 764 1127 quaterna
778 1048 879 1109 millia
892 1048 1050 1133 peditum,
1069 1065 1133 1111 tre·

95 1207 101 1217 ,
127 1159 226 1200 cenos
251 1134 389 1216 equites:
412 1132 509 1212 hique
531 1133 636 1214 primo
653 1154 779 1215 quoque
793 1151 937 1218 tempore
953 1137 990 1197 in
1002 1136 1132 1218 provin·-

51 1246 55 1263 ’
126 1226 260 1289 uiasire
281 1217 360 1304 juffi.
405 1218 530 1279 Bellum
550 1220 588 1280 in
603 1219 759 1301 Hispania
772 1222 884 1302 quinto
896 1221 965 1305 post
979 1222 1068 1282 antio
1081 1242 1134 1293 ex·

68 1371 74 1393 ,
127 1321 233 1373 ortum
254 1305 314 1382 est,
338 1327 433 1387 quam
450 1303 539 1388 simul
555 1327 625 1366 oum
643 1307 762 1378 Punice
777 1309 860 1369 bello
877 1307 981 1369 fuerat
996 1305 1138 1371 iniiam:

126 1400 314 1477 Priusquam
337 1391 372 1453 hi
392 1389 552 1475 praetores
573 1390 615 1452 ad
636 1394 756 1453 bellum
780 1397 881 1477 prope
901 1392 1039 1473 novum',
1061 1395 1138 1477 quia

125 1503 196 1547 tum
222 1482 364 1567 primum
392 1477 447 1539 [uo
475 1480 628 1555 nomine,
667 1481 758 1540 nullo
779 1482 897 1541 Punico
919 1483 1061 1549 exercitu
1084 1494 1139 1542 aut

126 1573 227 1645 duee,
256 1566 298 1628 ad
317 1570 405 1626 ‘armat
425 1567 547 1641 ierant,
570 1565 862 1648 proficiscerentur,
886 1584 939 1628 aut
954 1568 1011 1653 ipfi
1024 1567 1135 1627 consu·

126 1659 174 1720 les
202 1660 241 1717 ab
263 1656 352 1714 urbe
365 1668 552 1727 moverent3
572 1674 762 1734 procurare,
782 1670 817 1712 ut
834 1653 958 1731 assolet,
978 1652 1134 1738 prodigia,

126 1766 208 1829 quae
230 1742 482 1823 nuntiabantur,
510 1736 589 1821 justi.
634 1741 667 1799 L.
692 1740 791 1800 Julius
815 1739 1068 1821 Sequestris„in
1082 1741 1134 1807 sa,

73 1906 77 1911 ⁵
126 1835 222 1894 binos
234 1825 447 1915 proficiscens,
470 1823 606 1886 fulmine
620 1825 686 1908 ipse
702 1847 862 1910 equusque
878 1828 1053 1907 exanimati
1067 1825 1132 1886 fue-
1169 1904 1172 1909 ἱ

125 1934 219 1983 rant:
247 1913 341 1975 aedes
364 1912 520 1973 Feroniae
541 1913 579 1973 in
601 1912 823 1995 Capenatede
843 1915 931 1974 coelo
955 1931 1036 1991 tacta
1048 1920 1131 1973 erat:

125 2006 177 2068 ad·
194 1996 343 2068 Monetae
364 1997 500 2059 duarum
522 1997 682 2073 hastaruin
703 1999 823 2082 spicula
843 1999 1000 2061 arserant:
1029 2001 1143 2082 lupus,

123 2092 294 2176 Esquilina
315 2078 605 2171 porta¹ingreisus,
639 2084 891 2165 frequentissima
916 2105 1008 2171 parte
1035 2086 1133 2162 urbis,

125 2202 200 2243 cum
220 2180 259 2240 in
271 2174 387 2237 torum
409 2170 610 2246 decurrilset,
639 2170 740 2231 Tusco
756 2173 826 2251 vieo
843 2186 935 2253 atque
952 2172 1133 2252 Intemelio,

114 2273 188 2353 ‘per'
198 2279 323 2348 portam
337 2262 501 2341 Capenam
516 2278 616 2338 prope
631 2258 767 2333 intactus
782 2259 929 2320 eraserat.
959 2246 1045 2322 Haec
1060 2260 1132 2345 prol

125 2355 212 2437 digia
230 2340 403 2432 majoribus
422 2341 535 2408 hostiis
549 2340 624 2402 sunt
637 2359 812 2427 procurata.
886 2384 891 2391 ·

225 2520 352 2583 XXVII.
373 2512 492 2589 Iisdem
505 2511 618 2576 diebus
632 2514 692 2574 Cn.
707 2506 875 2577 Cornelius
889 2518 1054 2594 Lentulus,
1074 2518 1132 2603 qui

122 2626 201 2673 ante
218 2603 443 2689 Sempronium
458 2600 666 2662 Tuditanum.
677 2601 858 2662 citeriorem
874 2605 1061 2686 Hispaniam
1079 2607 1132 2666 ob.

123 2701 283 2769 tinuerat,
313 2708 411 2752 ovans
432 2710 474 2750 ex
494 2687 761 2749 senatusconsulto
776 2692 890 2749 urbem
901 2690 950 2750 elt
960 2689 1130 2774 ingressus.

123 2783 197 2845 tulit
215 2801 295 2865 prae
314 2775 346 2838 se
368 2776 435 2837 auri
457 2764 546 2837 titillo
567 2790 599 2834 et
619 2775 795 2857 quingenta
807 2774 1130 2860 quindecim'pondo,

123 2868 250 2953 argenti
272 2864 386 2947 viginti
406 2863 522 2938 millia,
552 2858 835 2945 lignati'deuarios
850 2862 1132 2946 triginta'quatuor

122 2957 241 3030 millia,
278 2967 310 3012 et
340 2950 531 3032 quingentos
560 2946 799 3030 quinquaginta.
842 2948 876 3007 L.
900 2950 1069 3012 Stertinius
1089 2970 1133 3011 ex
1171 3019 1175 3029 ¹

53 3065 56 3074 ¹
122 3043 275 3109 ulteriore
303 3037 477 3121 Hispania,
514 3056 559 3095 ne
587 3048 708 3094 tentata
738 3030 867 3115 quidem
887 3030 1043 3120 triumphi
1065 3034 1131 3121 spe,

77 3156 80 3161 ·
121 3124 355 3212 quinquaginta
374 3122 477 3183 millia
495 3117 605 3205 pondo
625 3114 751 3201 argenti
768 3119 807 3178 in
819 3122 977 3182 aerarium
991 3122 1082 3197 tulit:
1096 3130 1133 3193 ,et

120 3216 163 3277 de
186 3210 345 3275 manubiis
365 3206 444 3270 duos
457 3204 598 3271 fornices
616 3205 654 3265 in
667 3200 737 3265 foro
753 3204 867 3268 Boario
880 3225 956 3269 ante
971 3208 1134 3287 Fortunae
1154 3212 1162 3227 ““

101 3290 104 3297 ’
121 3301 236 3363 aedem
251 3315 283 3359 et
302 3296 413 3359 matris
427 3296 583 3367 Matutae,
605 3312 709 3352 uuum
726 3290 764 3352 in
779 3295 919 3355 marimo
935 3296 1021 3356 circo
1034 3294 1130 3365 feeit}

86 3396 88 3401 ’
119 3406 154 3451 ot
175 3388 234 3451 his'
250 3383 428 3455 fornicibus
445 3378 534 3462 ligna
553 3393 661 3437 aurata
680 3375 837 3460 imposuit.
883 3382 970 3442 Haeo
991 3405 1051 3466 per
1063 3380 1132 3443 hie·
1152 3374 1169 3461 J

118 3497 209 3539 mem
222 3471 325 3535 ferme
344 3483 421 3529 acta.
451 3466 655 3537 Hibernabat
665 3484 703 3523 eo
720 3479 864 3548 tempore
875 3465 1015 3530 Athenis
1029 3468 1134 3549 Quina
1168 3532 1172 3547 Ι

670 3550 812 3639 olerent,
842 3554 953 3633 Boeoti
967 3557 1135 3639 petierunt

116 3640 444 3749 impetraveruntque,
466 3654 502 3700 ut
515 3636 562 3714 hi,
577 3636 631 3721 qui
644 3572 718 3699 lirae
729 3638 832 3719 gentis
845 3640 1033 3715 militassent·
1046 3638 1134 3725 apud
1147 3664 1168 3673 ··

116 3734 320 3820 Philippum,
341 3725 401 3792 fibi
414 3717 666 3793 restituerentur.
710 3723 750 3787 ld
764 3744 783 3786 a
798 3724 950 3806 Quinctio
963 3727 1058 3792 facila
1073 3730 1133 3788 im-

911 3822 914 3829 “
966 3868 970 3875 .
1024 3829 1131 3901 petra·
