2354 4140
129 147 171 218 aa
271 110 427 203 maen
454 116 585 201 xxiiii.
631 138 718 203 cn.
748 140 849 201 xxii.
873 140 991 203 xxm.

321 244 370 313 u,
386 246 419 305 c.
436 246 512 325 554·
725 220 1133 308 [off-''⁴'‘

134 388 188 433 aut
215 368 337 431 referre
365 362 612 447 magistratibus,
652 382 705 423 aut
731 350 913 427 decernere
934 370 1071 429 concilio
1092 371 1143 453 jus

132 456 218 520 ellat.
263 456 324 533 Hie
337 464 459 535 quoque
474 448 542 511 dies
558 451 667 532 jurgiis
680 450 728 511 elt
741 450 931 515 consumtus.
971 456 1146 537 Supererat

133 562 218 609 onus
228 540 309 626 ,justi
325 538 458 601 eoncilii
480 535 569 597 dies:
594 538 701 612 (tertio
717 540 804 599 euim
822 540 876 599 lex
889 526 1018 622 jubebat
1026 540 1144 605 decre·

136 624 208 713 tum¹
223 629 307 703 lieri)
326 628 364 689 in
380 644 480 708 quem
501 621 582 682 adeo
604 622 748 691 exarsere
761 622 881 701 studia,
904 644 940 687 ut
953 629 1009 689 vix
1024 646 1155 713 paren..

134 736 182 781 tes
203 719 242 787 ab
257 713 366 775 liberis
382 710 641 793 temperaverint.
663 708 820 773 libilialns
834 714 1043 788 (Pellenenhs
1058 717 1144 791 erat)

137 806 235 867 lilium
255 798 469 880 damiurgum,
494 798 629 858 nomine
651 799 879 875 Memnonem,
896 800 1048 877 habebat,
1068 824 1151 885 pan.

133 892 277 977 tisejus,
302 904 381 969 quae
397 880 567 943 decretum
582 884 732 961 recitari,
757 887 985 969 perrogarique
1010 887 1141 949 'semma

134 980 193 1041 rins
214 973 411 1061 prohibebat.
455 970 506 1045 Is,
529 968 585 1030 diu
602 970 773 1031 >obtestatus
787 971 905 1050 lilium,
919 966 1141 1035 'utconIulere

133 1064 277 1133 Achaeos
298 1056 467 1143 'conmuni
486 1054 579 1117 laluti
596 1072 775 1139 pateretur,
805 1075 871 1119 nen
889 1060 1068 1143 pertinacia
1082 1058 1141 1121 sua

64 1162 72 1177 ⁸
133 1164 264 1239 gentem
283 1142 466 1207 universam
481 1139 645 1227 ¹perditum
661 1144 740 1219 iret,
763 1142 925 1226 postquam
938 1166 1051 1229 parom
1062 1156 1137 1228 'pro-

134 1238 285 1303 ficiebant
305 1221 435 1315 p'reces,
464 1228 586 1312 -jurotu's
609 1229 641 1289 se.
664 1250 740 1289 ¹emn
763 1229 816 1289 sua
831 1248 933 1291 'manu
953 1234 1139 1293 interemtu-

53 1320 61 1337 '
137 1346 227 1399 rum,
255 1342 318 1381 nec
338 1339 398 1401 pro
417 1316 499 1392 lilio,
521 1313 580 1374 'sed
600 1323 659 1399 prb
680 1314 787 1393 holte,
814 1314 1018 1395 habiturum,
1039 1318 1139 1379 minis

136 1410 287 1499 pervicit,
311 1421 348 1465 ut
366 1398 492 1485 postero
514 1400 567 1461 die
582 1404 797 1484 eonjungeret
813 1399 857 1465 ¹iis
876 1400 923 1479 le,
944 1406 999 1487 qui
1018 1403 1151 1465 relere-

136 1503 239 1577 baut..
255 1494 325 1576 ··qui
334 1512 410 1551 cum
424 1490 532 1569 plures
546 1487 621 1549 facti
634 1488 813 1567 referrent,
830 1493 985 1555 ⁴omnibns
997 1489 1071 1553 'lere
1083 1512 1138 1573 po·

136 1585 221 1670 pulis
238 1574 443 1642 hauddubie
465 1576 716 1657 approbantibus
735 1576 944 1653 relationem,
960 1592 1000 1647 ‘ec
1010 1594 1092 1660 prae
1105 1574 1149 1650 lo,

136 1670 334 1743 ferentibus,
353 1658 437 1745 quid
451 1659 617 1723 daemoni
633 1660 757 1739 ‘effent3
776 1655 979 1743 :Dymaeiac
999 1662 1137 1745 Megalo·
1158 1664 1161 1671 '

134 1754 287 1845 politani,
317 1744 499 1830 etquidem
517 1744 726 1831 Argivorum,
758 1750 942 1831 priusquam
964 1744 1139 1808 decretum

134 1845 249 1920 fieret,
260 1837 538 1919 consurrexerunt,
560 1856 598 1895 ae
610 1836 812 1917 reliquerunt
819 1834 1007 1911 concilium,
1026 1850 1150 1915 nequo.

136 1932 275 2011 mirante
293 1927 377 2001 ullo,
406 1932 515 2004 neque
531 1922 746 2005 improbante.
797 1920 886 1985 Nam
903 1920 1137 2005 Megalopolita—

90 2062 92 2067 .
133 2038 213 2097 nos,
234 2027 366 2079 avorum
391 2008 547 2071 memoria
567 2006 672 2092 pullos
691 2011 730 2067 ab
752 2008 1030 2091 Lacedaemoniis,
1048 2005 1136 2081 resti·

134 2114 237 2183 tuerat
254 2094 297 2165 'in'
304 2097 443 2183 patriam
456 2092 653 2177 Antigonus:
675 2112 706 2155 et
719 2092 895 2175 Dymaeis,
913 2097 1013 2178 captis
1030 2106 1138 2175 nuper

134 2190 329 2276 direptisque
352 2186 391 2243 ab
407 2178 547 2243 exercitu
562 2182 731 2254 Romano,
752 2202 826 2241 cum
838 2180 957 2243 redimi
969 2199 1045 2255 eos,
1062 2179 1146 2239 ubi·-

133 2294 262 2361 cnnque
288 2272 462 2341 servirent,
497 2263 659 2346 Phiiippus
685 2262 831 2347 justislet,
862 2282 936 2325 'non
952 2262 1147 2327 libertatem.

135 2364 255 2439 modo,
280 2356 338 2421 led
368 2356 464 2415 etiam
490 2352 665 2431 patriam,..
679 2347 874 2411 reddiderat.
911 2352 989 2413 -Jam
1010 2350 1147 2434 Argivi,

132 2464 354 2533 praeterquam
375 2434 461 2521 qnod
475 2435 688 2495 Macedonum
696 2451 789 2518 reges
803 2439 845 2496 ab
854 2436 888 2497 l'e
898 2436 1144 2499 oriundoscroi-

135 2538 234 2611 dont,
255 2528 385 2617 privatis
400 2524 494 2584 etiam
508 2520 651 2604 hospitiis
665 2520 875 2605 familiarique
889 2526 1026 2585 amicitia
1036 2524 1144 2606 pleri,

135 2636 197 2706 que
219 2617 327 2701 illigati
343 2611 489 2693 Philippo
504 2626 607 2668 erant.
654 2612 703 2669 Ob
718 2609 798 2669 haec
806 2610 963 2686 concilio,
984 2609 1070 2692 quod
1083 2609 1135 2671 in.
1153 2636 1158 2646 ·

134 2712 309 2771 olinaverat
328 2699 369 2760 ad
388 2700 570 2757 Romanam
591 2694 768 2755 societatem
784 2694 977 2779 jubendum,
997 2694 1136 2757 excelle·

133 2813 227 2859 runt:
254 2790 415 2868 vernaque
433 2784 475 2844 iis
497 2781 591 2865 hujus
607 2780 785 2844 lacelli'onit
803 2781 885 2861 tuit,
907 2799 940 2844 et
959 2771 1086 2866 magnis
1098 2792 1135 2841 et
1152 2838 1176 2859 ,Ι

132 2880 314 2946 recentibus
328 2871 478 2953 obligatis
498 2869 671 2929 beneficiis.

235 3048 335 3112 XXII.
379 3042 483 3105 Ceteri
502 3042 613 3123 populi
631 3036 851 3117 Achaeorum,
867 3034 945 3101 'curn
958 3030 1134 3099 sententiaa

130 3150 394 3226 perrogarentur,
422 3128 599 3188 societatem
612 3149 692 3187 -cum
712 3126 819 3189 Attalo
841 3148 879 3186 ac
893 3124 1134 3207 Rhodiisprae·

130 3230 212 3290 lenti
232 3226 362 3287 decreto
375 3214 629 3277 confirmarunt:
646 3236 723 3275 eum
736 3214 910 3289 Romanis,
929 3213 1002 3293 quid
1012 3208 1135 3290 inju'ffu

129 3316 240 3400 populi
256 3330 326 3373 non
342 3317 468 3389 poterat
481 3316 551 3359 rata
566 3299 647 3377 elle,
666 3303 704 3361 in
718 3299 754 3362 id
766 3317 901 3381 tempus,
918 3314 985 3379 'quo
995 3300 1135 3359 Romam

126 3403 212 3464 mitti
232 3398 326 3481 legati
340 3388 482 3475 possent,
502 3386 602 3446 ¹dilata
613 3386 670 3447 est.
689 3389 728 3449 in
740 3386 922 3469 praesentia
935 3398 999 3444 tres
1013 3384 1143 3467 legator,

129 3488 171 3551 ad
197 3488 231 3548 L.
261 3480 448 3562 Quinct'uun
477 3472 560 3553 mitti
579 3474 714 3555 placuit,
751 3489 783 3532 et
805 3471 979 3534 exercitum
995 3484 1134 3532 ¹omnem

126 3576 328 3637 Achaeorum
347 3564 387 3625 ad
410 3559 602 3622 Corinthum
623 3552 803 3636 admoveri3
829 3558 927 3639 captis
942 3556 1132 3635 Cenchreis,

111 3668 189 3745 jam.
208 3662 323 3720 urbem
343 3647 443 3735 ipsam
464 3646 615 3725 Quinctio
630 3661 847 3728 oppugnante.
891 3642 934 3702 Et
947 3640 983 3702 hi
997 3640 1143 3725 quidem¹
1155 3661 1175 3695 τ..

101 3766 128 3803 e
145 3747 288 3827 regione
295 3756 422 3827 portae,
447 3752 530 3821 quac
544 3730 611 3797 fert
622 3730 810 3814 Sicyonem,
830 3727 1004 3829 poluerunt
1016 3729 1143 3874 vosge„
