2354 4140
84 114 353 221 Qun
368 82 543 179 xxsvtu.
588 116 674 177 cn.
692 98 1097 221 xxvtttaxffl

284 222 323 283 u.
341 222 375 279 c·
399 224 474 297 su.
494 200 895 218 ·····“···········

81 338 264 421 demigrare
280 356 473 423 cogerentur
492 342 533 399 ab
547 341 714 401 Romanis.
760 357 901 402 ceterum
919 340 1027 425 'ipsine
1040 340 1098 403 fibi

82 446 159 497 eum
172 426 330 487 linxerint
344 442 482 502 metum,
511 443 543 487 et
558 428 672 487 timore
687 448 771 491 vano
786 430 925 508 quietem
933 430 1046 491 ,exarari
1052 444 1097 504 nt,

83 534 128 572 an
145 514 260 595 jactata
277 512 477 593 sermonibus
496 534 547 575 res
562 513 649 597 apud
662 516 827 575 Romanos
845 517 966 597 perlata
988 516 1029 577 ad
1045 534 1099 577 eos

82 596 139 676 stt',
160 600 245 661 nihil
268 601 423 683 comperti
447 598 507 661 est:
536 599 716 681 niliquotl,
748 600 828 661 datis
849 602 912 681 jam
932 602 1098 679 obsidibus,

67 704 221 769 repente
237 704 344 770 portas
360 686 559 762 clauserunt,
591 704 682 747 et·ne
704 688 833 748 suorum
848 687 979 769 tptidem
998 691 1099 772 preci·-

40 790 43 795 '
84 776 142 832 bus
160 772 301 849 (miserat
318 775 406 834 enirn
427 772 483 833 sub
499 794 607 833 muros
624 773 733 833 consul
746 772 786 833 ad
806 774 997 835 tentandam
1010 774 1100 835 mise·

86 858 442 943 t·icordiam.parentum
464 862 746 943 populariumque)
758 860 903 921 ‹lelistcre
920 864 960 921 ab
973 865 1101 943 incepto

85 948 267 1009 voluerunt.
324 948 511 1031 Oppugnari
537 946 675 1023 deinde,
706 948 871 1031 postquam
892 948 975 1010 nihil
999 949 1102 1030 pacati

81 1034 354 1117 respondebatur,
377 1030 578 1116 coeptassurbs
593 1034 647 1093 est.
692 1054 876 1118 apparatum
892 1055 1024 1095 ornnem
1042 1050 1102 1093 tor-

72 1139 270 1199 ¹mentorum
298 1120 585 1203 machinarumque
614 1136 829 1184 transvectum
853 1130 892 1181 ab
912 1120 1103 1183 Ambraciae

86 1210 327 1295 oppugnatione
351 1207 502 1268 habebat:
533 1224 566 1267 et
590 1228 705 1291 opera,
727 1232 807 1289 quae
829 1206 979 1269 l'acientla
999 1224 1102 1281 erant,

87 1295 223 1385 'uppigre
239 1297 354 1355 milites
371 1292 587 1376 perfecerunt.
630 1292 753 1357 duobus
772 1297 868 1379 igitur
890 1296 967 1356 iocis
982 1292 1101 1357 admoti

87 1383 202 1443 arietes
216 1382 400 1464 quatiebant
415 1403 532 1443 muros.
597 1424 600 1431 -

175 1556 284 1615 XXIX.
320 1553 392 1615 Nec
413 1556 453 1613 ab
467 1554 604 1615 Samaeis
618 1553 807 1637 quidquam,
836 1577 898 1636 quo
921 1572 974 1615 atu
995 1573 1102 1637 opera,

90 1657 144 1701 aut
157 1640 256 1703 hostis
270 1642 373 1701 arceri
388 1638 497 1723 posset,
512 1641 766 1723 praetermissum
781 1640 834 1701 est.
858 1640 979 1703 duabus
995 1659 1104 1701 tamen

89 1726 230 1787 maxime
241 1726 426 1787 resistebant
439 1730 550 1787 rebus:
581 1748 663 1800 una,
679 1728 867 1787 interiorem
882 1726 1005 1810 semper
1017 1728 1104 1811 jurata

92 1811 234 1873 validum
255 1834 316 1893 pro
331 1810 436 1873 diruto
459 1832 579 1872 novutn
605 1811 802 1872 obstruentes
822 1836 968 1885 ttnumu3
995 1816 1104 1887 altera,

95 1897 315 1978 eruptionibus
337 1896 461 1972 subitis,
488 1899 638 1958 nuncin
661 1920 759 1980 opera
774 1898 926 1972 hostiurn,
955 1920 1047 1959 nttnc
1068 1902 1106 1959 in

95 1981 252 2041 stationes.
269 1998 300 2042 et
313 1984 500 2065 plerumque
516 1986 553 2043 iis
570 1985 699 2065 proeliis
713 1983 888 2065 superiores
904 2000 1005 2043 erant.
1031 1986 1108 2045 Una

93 2068 136 2143 ad
158 2068 359 2147 coercendos
376 2070 511 2129 inventa
532 2069 620 2131 haud
640 2091 756 2153 magna
781 2086 957 2131 memoratu
980 2089 1031 2129 res
1051 2068 1105 2129 est.
1124 2102 1130 2113 ·

94 2159 231 2229 Centut'u
260 2154 438 2217 funditores
459 2160 498 2217 ab
517 2154 618 2237 Aegio
642 2173 673 2217 et
697 2158 793 2217 Patris
817 2174 849 2217 et
868 2155 985 2237 Dymis
1006 2156 1106 2214 acciti.

92 2243 123 2307 A
138 2244 245 2325 pueris
265 2242 305 2316 ii,
347 2265 436 2301 more
460 2242 599 2325 quodam
620 2244 741 2327 gentis,
773 2243 852 2303 saxis
866 2238 1014 2325 globosis,
1041 2241 1107 2321 qui-

93 2328 261 2393 busserme
275 2349 393 2389 arenae
409 2331 563 2391 immixtis
579 2329 674 2390 strata
687 2331 779 2391 litora
789 2327 1003 2405 'sunt,·sunda
1020 2348 1109 2386 mare

94 2433 237 2501 apertum
256 2416 465 2493 incessentes,
495 2421 737 2478 exercebantur.
782 2420 888 2500 itaque
902 2416 1027 2496 longius
1041 2434 1109 2474 cer·

77 2504 218 2585 'eiusque
237 2521 267 2563 et
287 2502 441 2565 validiore
463 2506 544 2579 ictu,
588 2527 682 2587 quain
709 2503 844 2565 Baliaris
872 2502 1037 2578 funditor,
1070 2522 1108 2563 eo

93 2592 158 2653 talo
174 2589 219 2651 uli
237 2590 318 2665 stant.
349 2607 381 2650 et
394 2590 438 2649 est
451 2612 522 2651 non
536 2591 685 2674 simplicis
707 2590 873 2667 habenae,
903 2608 937 2651 ut
952 2589 1109 2651 Baliarica

94 2678 293 2759 aliarumque
306 2678 451 2760 gentium
466 2676 586 2737 satida:
615 2678 678 2743 sed,
692 2680 808 2762 triplex
823 2678 957 2753 sctttale,
987 2676 1108 2737 crebris

94 2764 209 2831 sunnis
233 2764 398 2839 duratum,
440 2786 487 2824 ne
510 2764 595 2824 lluxa
612 2766 745 2825 ltabeua
775 2766 933 2827 volutetur
957 2767 1000 2825 ,in
1025 2765 1109 2843 jactu

96 2852 204 2933 glans3
227 2848 300 2927 sed,
321 2853 434 2913 librata
453 2874 526 2911 cum
545 2850 677 2928 sed'erit,
695 2855 896 2917 valesneria
913 2849 1003 2911 missa
1017 2868 1108 2907 encu-

98 2938 201 3009 tiatur.
246 2938 381 2999 'coronas
403 2938 522 3017 modici
535 2940 646 3000 circuli
666 2960 783 3022 magno
800 2960 839 2997 ex
855 2938 1026 2997 intervallo
1047 2932 1111 2997 loci

98 3022 207 3085 assueti
222 3025 385 3107 trajicere,
408 3046 480 3084 non
496 3027 598 3106 capita
613 3026 713 3087 solum
735 3023 869 3084 hostium
886 3025 1107 3093 virliterabant,
1167 3077 1171 3087 ,

57 3164 76 3195 Ι,
96 3106 154 3171 sed
168 3118 262 3191 quem
284 3112 390 3175 locum
405 3110 612 3173 destinassent
624 3115 696 3177 oris.
738 3111 811 3171 Eae
825 3108 948 3169 stantiae
965 3109 1110 3171 Samaeos

49 3266 68 3276 Μ
96 3197 323 3279 aobibuerunt,
344 3219 389 3267 ne
404 3214 466 3257 tam
482 3202 611 3274 crebro,
626 3220 710 3259 neve
724 3215 788 3257 tarn
801 3195 951 3258 audacter
965 3213 1111 3275 enimpe·

77 3299 192 3357 stent:
215 3282 295 3345 adeo
304 3300 343 3365 *ut
356 3302 567 3366 precarentur
583 3307 623 3345 ex
637 3284 735 3344 muris
749 3282 913 3357 Achaeos,
936 3306 971 3345 ut
985 3301 1113 3366 parumn

44 3412 47 3417 ·
97 3391 159 3465 per
181 3371 408 3445 abscederent,
439 3372 475 3431 ‘et
498 3370 546 3447 se,
573 3393 647 3433 cum
671 3370 834 3433 Romanis.
847 3368 1033 3433 stationibus
1055 3387 1112 3449 pu·

99 3473 252 3539 gnanus,
276 3458 381 3539 quiete
397 3456 585 3537 spectarent.
622 3461 762 3535 Quattuor
776 3454 901 3515 menses
914 3455 1114 3520 obfictionem

101 3542 194 3607 Saule
215 3543 372 3615 sustinuit.
417 3565 488 3604 cum
518 3566 559 3605 ex
582 3542 689 3626 paucis
716 3542 857 3624 quotidie
884 3546 983 3626 aliqui
1001 3558 1114 3600 eorum

46 3642 52 3653 '
100 3629 275 3707 oederent,
289 3631 344 3690 aut
359 3630 620 3707 vulnerarentur,
637 3647 685 3707 et,
699 3631 753 3712 qui
768 3624 973 3713 superarent,
992 3623 1061 3687 felli
1080 3638 1117 3685 et

58 3720 61 3725 ’
101 3718 290 3805 semoribus
308 3732 342 3789 et,
357 3716 474 3783 animis
487 3715 614 3798 eliserit·²
637 3718 789 3792 Romans
803 3733 912 3787 nocte
924 3735 992 3799 per
1010 3728 1171 3849 arssxpn

283 3850 287 3857 -
1056 3812 1098 3867 <s
