2354 4140
264 92 579 179 strenuuin.
625 118 710 178 cm.
729 122 899 187 vnvm.
930 190 933 195 ,
990 136 1031 197 ·.

660 243 687 281 a.
705 226 738 283 C.
757 226 799 286 N.
820 238 889 301 1257.
916 210 1091 303 iffi—'-

33 298 40 311 '
64 280 1086 331 -ὺ-ἀ-Ᾰ-αώ-ὁ-,υ--ή--Ἇῌ

10 344 13 351 ’
34 372 37 379 ’
63 345 173 404 malus
194 343 233 401 in
257 343 342 402 circo
360 340 518 425 instabitis
539 342 578 400 in
600 338 724 423 lignum
743 346 914 408 Pollentiae
935 352 1085 433 procidit,

56 445 161 513 ¹atque
180 427 216 489 id
231 426 354 511 dejecit.
379 449 416 488 ea
430 422 586 509 religione
600 429 678 489 moti
695 432 814 507 Patres,
830 450 862 492 et
876 435 962 497 diem
979 460 1083 501 amun

25 578 28 583 ,
57 514 286 599 adjiciendum
306 513 457 577 ludorum
482 514 657 573 celebritati
687 517 896 595 censuerunt,
941 540 971 585 et
991 522 1081 607 figng

34 606 50 625 “·
59 601 130 663 duo
143 622 202 687 pro
216 624 283 663 uno
295 598 506 685 reponenda,
538 616 569 660 et
583 622 707 661 novum
721 621 863 665 auratum
882 604 1077 673 faciendum,

29 720 34 729 ·
59 688 246 773 Et·plebeji
266 688 335 749 ludi
357 691 396 749 ab
415 686 573 767 aedilibus
595 688 629 747 C.
646 688 837 771 Sempronio
853 692 964 755 Blaeso
983 713 1017 757 et
1029 701 1076 765 st,

50 774 160 847 ,Furio
175 776 272 838 Lusco
288 774 376 837 diem
387 794 490 835 unum
504 772 670 845 instaurati
683 774 767 837 sunt.
903 794 907 801 ’

89 954 121 982 ”’
141 950 229 1013 VIII.
268 947 445 1031 Insequens
465 938 571 1010 annus
596 950 647 1033 Sp.
663 948 852 1011 Posmmium
866 949 1025 1019 Albinum
1041 969 1074 1015 et

13 1037 280 1117 ·'.Q.·ll1arciuu1
300 1036 482 1119 Philippum
508 1033 652 1097 consules
678 1040 717 1097 ab
738 1041 879 1099 exercitu
905 1040 1073 1101 bellorum·

44 1143 121 1207 -que
136 1139 167 1183 et
179 1116 562 1206 provinciarumcm'raad
575 1122 744 1186 intestinae
760 1126 991 1207 ccnjurationis
1001 1128 1072 1187 vin·

15 1258 18 1263 -
42 1204 177 1273 ¹dictam
192 1212 312 1273 avertit.
339 1198 499 1295 Praetoges
514 1210 695 1292 provincias
710 1208 811 1273 sortiti
823 1212 914 1289 sunt,
926 1214 964 1273 T.
983 1216 1068 1275 Mae-

41 1299 131 1359 ·nius
142 1298 318 1379 urbanam,
335 1300 392 1359 att.
410 1294 548 1359 Lf‘atfuius
564 1298 710 1357 Lucullus
724 1300 813 1361 inter
831 1301 915 1361 cives
929 1316 961 1359 et
976 1322 1068 1382 pere-

48 1386 182 1467 grinos„
226 1386 260 1445 C.
284 1383 587 1467 Aureliusjrseaurus
615 1382 813 1461 Sardiniam,
842 1388 872 1447 P.
896 1390 1068 1450 Cornelius

52 1472 141 1533 Sulla
164 1472 319 1547 Siciliam,
349 1474 382 1532 I..
409 1466 758 1552 Quinctius-Crispinus
781 1474 969 1555 Hispaniam
992 1476 1067 1535 eite-

51 1559 191 1633 riorem,
214 1561 247 1618 C.
265 1559 457 1640 Calpurnius
465 1556 539 1629 Piso
554 1558 744 1638 Hispaniam
756 1558 949 1620 ulteriorem.
981 1564 1065 1621 Con-

29 1642 170 1705 ·sulib'us
186 1646 339 1703 ambobus
354 1642 491 1723 quaestio
509 1638 551 1701 (le
564 1640 771 1705 clandestinis
790 1646 1064 1725 conjurationibus

17 1776 25 1791 .
48 1728 181 1791 decreta
201 1730 255 1791 est.
299 1731 441 1788 Graecus
455 1728 603 1809 ignobilis
618 1728 656 1785 in
668 1728 827 1787 Etruriam
849 1736 990 1811 primum
1011 1757 1064 1796 ve.

11 1844 35 1897 ι.·
47 1818 103 1879 nit
116 1817 207 1873 nulla
217 1836 291 1873 cum
305 1828 374 1873 arte
388 1827 495 1873 earum
503 1840 514 1890 ·,
528 1832 604 1894 quas
617 1813 730 1875 multas
742 1812 784 1873 ad
798 1816 977 1877 animorum
993 1840 1061 1881 eor.

10 1919 230 1985 ¹*porumque
255 1898 376 1957 cultum
398 1900 492 1959 nobis
516 1895 721 1959 eruditissima
744 1901 890 1959 omnium
910 1924 989 1983 gens
1009 1908 1062 1967 in.

26 1986 155 2061 uexit,
179 1984 367 2046 sacrificulus
385 2002 422 2045 et
432 2000 533 2047 vates:
556 2006 619 2044 nec
635 1984 678 2058 is,
698 1986 753 2067 qui
768 2001 877 2067 aperta
892 1989 1060 2069 religione,

10 2098 35 2111 ¹·
69 2074 215 2155 ropalam
231 2088 263 2131 et
277 2071 439 2153 quaestum
454 2087 486 2131 et
501 2070 702 2153 disciplinam
714 2070 913 2154 profitendo,
932 2075 1061 2137 animos

29 2094 182 2237 tionum
205 2160 380 2235 imbueret,
412 2157 469 2219 sed
484 2159 679 2219 occultorum
703 2175 734 2218 ct
749 2173 982 2219 nocturnormn
1001 2182 1059 2221 an-

19 2244 131 2317 ·2tistes
145 2245 315 2306 sacrorum.
361 2247 458 2306 Initia
473 2260 581 2320 erant,
603 2264 684 2327 quae
698 2245 804 2327 primo
818 2247 927 2326 paucis
941 2246 1060 2309 tradita

45 2330 137 2394 siant:
168 2332 287 2393 deinde
302 2334 424 2414 vulgari
440 2348 551 2415 coepta
564 2330 639 2392 sunt
658 2352 718 2413 per
733 2332 818 2393 'viros
834 2333 1057 2416 mulieresque.
1087 2354 1091 2361 ’

28 2410 171 2483 'additae
195 2420 368 2505 voluptates
392 2420 540 2501 religioni
553 2418 624 2481 vini
646 2434 676 2475 et
688 2420 877 2501 epularum,
905 2442 966 2502 quo
986 2423 1059 2504 plu-

25 2506 244 2567 »numanimi
259 2506 468 2567 illicerentur.
512 2508 593 2583 Cum
603 2506 715 2575 vinum
729 2507 870 2582 animos,
894 2523 925 2565 et
938 2528 1007 2571 nox
1022 2526 1055 2571 et

10 2616 13 2621 ·
41 2594 143 2654 mixti·
155 2590 287 2653 feminis
306 2606 427 2670 mares,
455 2593 564 2652 aetatis
584 2608 714 2653 tenerae
734 2594 921 2676 majoribus,
944 2592 1055 2656 diecti·

40 2698 121 2741 men
145 2677 396 2761 omnepudoris
421 2676 658 2755 exstinidssent,
691 2680 889 2762 corruptelae
910 2682 1054 2762 primum
1145 2718 1149 2725 ·

21 2778 26 2795 ·'
40 2768 147 2827 omnis
162 2766 289 2848 generis
302 2766 373 2827 lieri
386 2782 532 2848 coeptae,
555 2788 628 2825 cum
648 2762 689 2825 ad
703 2764 739 2826 id
752 2768 892 2849 quisque,
909 2782 978 2848 ¹quo
992 2790 1052 2828 na-

15 2870 21 2889 ‘
38 2864 114 2911 tura
125 2850 292 2933 pronioris
304 2850 448 2914 libidinis
470 2850 564 2927 esset,
590 2858 733 2934 paratam
746 2854 940 2935 voluptatem
954 2855 1051 2915 habe·
1148 2885 1152 2899 ·

17 2962 22 2971 ·
37 2953 106 3003 ret..
116 2938 198 3019 -Neo
212 2959 315 2998 unum
328 2960 429 3021 genus
446 2958 569 3013 noxae,
585 2938 690 3021 stupra
701 2938 879 3021 promiscua
894 2938 1053 3021 ingenuo·

12 3044 110 3099 *tum
128 3022 416 3109 feminarumque,
432 3040 540 3087 erant:
567 3024 624 3085 sed
646 3024 713 3099 falli
735 3024 840 3099 testes,
866 3022 943 3083 salsa
961 3025 1052 3105 [igne

10 3126 14 3131 ·
35 3106 280 3195 testimoniaque
296 3130 327 3173 et
346 3102 469 3189 indicia
484 3133 525 3173 ex
539 3109 657 3171 eadem
670 3108 802 3171 osficina
816 3111 955 3172 exibant.
986 3114 1049 3173 Ve-

11 3209 22 3225 ’·
35 3212 127 3279 nene
146 3193 294 3259 indidem
316 3194 548 3281 intestinaeque
571 3196 701 3261 caedes:
730 3198 775 3256 ita
794 3214 892 3257 utne
914 3218 969 3255 cor
992 3218 1049 3258 ora

11 3280 166 3367 *equidem
187 3282 353 3345 interdum
368 3284 410 3345 ad
423 3285 618 3367 sepulturam
635 3282 803 3345 exstarent.
822 3294 826 3305 ⁴
846 3283 948 3345 Multa
962 3222 1048 3365 dolo,

12 3368 186 3453 pleraque
207 3392 272 3453 ¹per
297 3374 364 3433 rim
387 3370 596 3431 cudebantur.
660 3370 823 3431 occidebat
847 3370 928 3446 rim,
961 3370 1049 3454 quod

11 3484 24 3515 ν.
32 3468 121 3539 prae'.
132 3456 323 3534 molaribus,
368 3473 658 3539 tympanorumque
679 3474 712 3516 et-
728 3457 950 3536 cymbalorum
970 3456 1047 3519 stre-

10 3542 126 3627 ·pitu,
152 3543 243 3605 nulla
258 3566 322 3608 vox
339 3545 562 3630 quiritantium
577 3541 795 3629 interstupra
813 3558 847 3607 et
864 3544 977 3609 caedes
994 3564 1047 3619 ex·

12 3626 136 3697 ‘adiri
154 3646 287 3715 poterat.

17 3740 391 3917 2---·5r'.t.³..·.zt...·.a1'.'
468 3788 482 3797 .,
708 3738 773 3891 tl·
909 3782 929 3799 ·“
966 3801 1048 3901 u·
1090 3870 1113 3887 .,
