2354 4140
38 216 42 225 ,
129 167 172 225 70
277 138 446 209 'LlBER
467 142 595 205 xxxn.
640 144 711 206 Cer.
735 140 847 206 XXIV.
871 90 970 204 XllV.

335 254 376 312 U.
399 252 433 309 C·
449 250 522 328 554·
694 226 1138 329 &W

41 412 44 418 .
122 370 219 432 -nihil
244 368 307 431 esse
326 372 364 435 in
384 390 484 430 manu
499 367 569 444 sue,
599 384 630 428 et
641 369 748 449 plures
763 366 992 449 validioresque
1009 366 1071 428 esse
1085 390 1135 430 re·
1170 366 1173 371 ’

130 457 218 540 glot,
253 479 346 540 quern
371 453 570 539 oppidanos,
587 452 866 536 respondebatur,
894 469 960 513 tum
985 453 1074 515 simul
1097 458 1137 516 ab

78 606 83 621 ,
136 543 230 621 omni
243 559 332 625 parte
347 542 495 626 operibus
504 541 660 623 armisque
668 539 833 629 urbemest
840 538 1004 622 eggressus.
1026 538 1138 605 Ariete

120 627 291 709 admoto,
304 645 459 712 qrrantum
471 628 558 689 inter
571 644 672 687 turres
685 627 769 688 muri
783 643 850 686 erut
864 644 1041 708 prorutun,
1064 651 1137 690 cum
1149 688 1162 701 ,,

84 778 89 789 ,
138 716 266 798 ingenti
285 714 409 799 fragore
430 736 466 774 ac
480 711 610 795 strepitu
623 711 769 773 nudasset
782 716 894 772 urbem
901 723 918 790 ‘,.
935 714 1025 777 simul
1042 725 1074 776 et
1088 738 1136 778 co-

126 803 216 867 ·ltors
237 804 384 864 Romana
399 823 458 884 per
475 817 619 883 apertum
632 802 756 861 recenti
769 798 867 881 strage
883 800 945 861 iter
958 800 1092 879 iuvetite
1109 818 1140 865 et

140 910 182 953 ex
201 892 348 952 omnibus
369 885 480 971 oppidi
498 887 655 969 partibus,
679 887 797 946 relictis
819 885 880 946 suis
894 890 1026 970 quisque
1039 887 1139 951 statio·
1171 956 1175 963 ,

142 976 256 1052 nibus,
272 977 419 1051 ineunt,
442 974 497 1055 qui
510 975 713 1055 premebatur
726 972 847 1053 impetu
860 972 1012 1055 hostium,
1034 972 1141 1037 locum
1164 1052 1167 1057 Ι

142 1077 384 1123 concurrerunt.
427 1058 550 1121 Eodem
572 1076 714 1141 tempore
728 1060 870 1119 Romani·
880 1075 916 1135 et
929 1062 1037 1122 ruinas
1053 1063 1139 1137 muri

132 1148 413 1231 supervadebant,
437 1162 468 1205 et
487 1143 583 1207 scales
603 1144 645 1205 ad
666 1144 778 1217 stantia
797 1148 926 1208 moe-nia
944 1146 1136 1207 inserebant.

101 1250 104 1261 '
147 1251 197 1308 et,
230 1231 307 1297 dum
334 1236 371 1296 in
402 1254 500 1293 unam
528 1248 649 1315 partem
678 1233 782 1292 oculos
802 1234 985 1315 animosque
1005 1232 1141 1296 hostium
1171 1276 1176 1285 ,

148 1336 312 1382 certamen
332 1334 503 1393 averterat,
524 1319 668 1401 pluribus
688 1318 764 1378 locis
785 1315 873 1381 scalis
888 1323 1009 1403 capitur
1021 1332 1140 1394 mutue,

132 1438 135 1443 ·
148 1407 333 1488 armatique
347 1408 384 1468 in
404 1408 516 1478 urbem
531 1404 822 1471 transscenderunt.
866 1404 928 1487 quo
940 1409 1073 1466 tumultu
1090 1428 1141 1465 eu·

132 1491 234 1568 dito,
267 1493 368 1555 territi
388 1491 508 1568 hostes,
536 1492 664 1567 relicto,
693 1513 787 1572 quem
814 1490 949 1551 conserti
963 1496 1142 1569 utebantur,

149 1579 238 1654 loco,
257 1579 295 1642 in
316 1600 422 1639 arcem
436 1579 548 1639 omnes
561 1592 665 1655 metu,
686 1578 807 1639 inermi
820 1599 942 1660 quoque
957 1578 1146 1660 insequente

149 1668 260 1741 turba,
288 1663 509 1747 confugerunt.
555 1664 603 1725 Ite
622 1667 701 1724 urbe
718 1662 973 1747 potitur'consul.
1016 1662 1145 1747 quadi-

151 1768 260 1835 repte,
280 1751 376 1813 mitfis
391 1754 428 1815 in
443 1772 566 1826 arcem,
590 1752 644 1833 qui
657 1753 753 1812 vitam
762 1751 868 1831 regiis,
887 1748 1009 1810 stalrire
1023 1742 1150 1811 vellent¹

71 1891 74 1896 .
116 1836 128 1861 ·”
149 1840 311 1913 inermes,
332 1839 513 1899 libertatem¹
529 1836 737 1899 Elatienlibus
758 1837 999 1918 pollicerentur,
1021 1834 1147 1919 fideque
1172 1874 1175 1883 ·

136 1958 139 1964 2
153 1927 192 2003 in
207 1924 285 1986 hacc
299 1922 388 2003 dota,
407 1923 478 2015 post
492 1933 614 2011 paucos
622 1923 689 1995 dies
704 1944 808 1987 arcem
822 1924 950 2009 recepit.

253 2102 349 2163 XXV.
380 2102 536 2173 Ceterum·
543 2099 686 2177 adventu
700 2098 737 2159 in
748 2095 901 2180 Achaiam
916 2095 1061 2157 Philoclis
1071 2093 1152 2181 regii

137 2182 305 2270 praefecti
326 2207 393 2245 uon
413 2187 584 2247 Corinthus
605 2199 729 2244 tentum
742 2184 875 2242 liberata
888 2183 1068 2267 obsidione,
1096 2178 1150 2240 sed

151 2271 345 2353 Argivorum
358 2292 480 2353 quoque
493 2272 600 2331 'civitas
616 2289 675 2351 per
688 2267 839 2348 quosdam
850 2270 1012 2350 principes
1021 2265 1151 2330 Philocli
1172 2338 1175 2343 Ι

154 2348 282 2439 prodita
296 2355 355 2430 est,
377 2357 504 2416 tentetis
519 2356 606 2437 prius
621 2354 737 2413 animis
749 2354 869 2434 plebis·
905 2356 974 2414 Mos
990 2371 1072 2429 crat,
1102 2374 1171 2413 co·..

155 2442 318 2501 mitiorum
343 2439 394 2499 die
414 2440 519 2521 primo
539 2440 625 2500 velut
647 2439 763 2500 ominis
789 2439 878 2499 causa
898 2459 1060 2523 praetores
1079 2460 1149 2522 pro-

91 2582 93 2589 .
154 2527 309 2593 nuntiare
323 2526 449 2599 lovem,
477 2523 739 2609 Apollinemque,
763 2543 793 2586 et
812 2528 992 2589 Herculem.
1011 2526 1153 2586 adilitum

82 2612 89 2619 ”
155 2613 220 2694 legi
238 2626 320 2705 erat,
340 2627 374 2669 ut
394 2612 432 2672 iis
454 2611 615 2694 Philippus
637 2635 696 2675 rex
710 2611 906 2696 adjiceretur.
928 2615 1015 2695 cuius
1029 2610 1153 2673 nomen

153 2694 225 2781 post
242 2712 367 2781 pactam
387 2719 461 2757 curn
482 2701 637 2761 Romanis
660 2700 838 2760 societatem
856 2696 930 2782 quie
948 2721 1066 2782 praeco
1083 2719 1155 2758 nort

154 2781 288 2866 adjecit,
311 2784 456 2845 fremitus
478 2786 584 2869 primo
602 2782 814 2849 multitudinis
828 2804 931 2848 ortus:
946 2784 1077 2851 <deinde
1093 2786 1172 2867 cla-3

113 2884 116 2892 '
145 2892 227 2932 mor
248 2869 481 2955 subjicientium
501 2872 639 2955 Philippi
659 2870 799 2949 nomen,
826 2873 1065 2954 iubentiumque
1081 2870 1176 2953 legi-¹

154 2960 270 3021 timum
295 2956 463 3019 honorem
477 2957 783 3044 usurpare;-,donec
806 2980 878 3019 eum
893 2960 1017 3041 ingenti
1030 2956 1165 3029 assensu

153 3062 280 3107 nomen
306 3045 471 3105 recitatum
500 3045 556 3117 est.
608 3046 708 3129 Hujus
726 3043 840 3106 siducia
863 3044 978 3108 favoris
991 3042 1171 3105 'Philocles¹

157 3130 317 3216 arcessitus
336 3148 440 3192 nocte·
453 3148 586 3214 occupat
607 3133 721 3193 collem
735 3133 960 3193 imminentem
974 3130 1067 3210 urbi,
1084 3128 1155 3206 (Le.-

61 3264 63 3269 -
157 3216 269 3279 rissam
289 3212 359 3279 eam
383 3238 490 3279 arcem
510 3218 640 3295 vocant)
656 3214 813 3301 positoque
826 3220 872 3283 ibi
887 3216 1059 3302 praesidio,
1081 3238 1159 3275 cum

157 3304 423 3388 lucis-principio
441 3302 536 3390 lignis
554 3303 683 3368 infestis
704 3303 746 3364 ad
769 3304 941 3388 subjeetum
963 3304 1029 3363 arci
1049 3302 1157 3363 forum

63 3460 66 3465 ¹
156 3388 298 3466 vaderet,
321 3391 473 3453 instructu
487 3391 570 3453 ecies
586 3412 627 3453 ex
640 3384 769 3453 adverso
780 3393 924 3453 occurrit.
966 3388 1158 3450 Praesidium
1171 3458 1175 3463 ¹

158 3491 229 3537 erat
247 3473 449 3553 Achaeorum
463 3498 570 3561 nuper
583 3475 777 3561 impositum,
806 3479 973 3567 quingenti
988 3475 1057 3539 sere
1070 3476 1156 3561 jure·

152 3582 220 3625 -ues
232 3622 234 3627 ,
244 3560 360 3626 delecti
376 3564 522 3638 omnium
541 3564 710 3627 civiumn.
751 3562 979 3625 Aenesidemus
991 3563 1158 3645 Dymaeus

93 3658 98 3668 '
156 3664 313 3733 praeerat.
341 3646 537 3713 adhortator
551 3672 570 3710 a
583 3650 745 3733 prucsecto
756 3652 844 3733 regio
856 3648 975 3728 missus,
994 3651 1050 3732 qui
1067 3668 1157 3711 exce.-

148 3732 232 3799 dere
260 3736 342 3800 urbe
362 3737 507 3825 juberet,
544 3738 666 3827 (neque
691 3738 782 3803 euim
799 3756 892 3825 peres
914 3757 971 3804 eos
988 3736 1160 3824 oppidanis

683 3860 687 3865 ·
1085 3824 1173 3895 solus,
