2354 4140
49 360 147 424 quem
169 338 254 401 diem
264 332 420 416 patrando
438 332 573 394 lacinors
589 332 747 405 statuereu
766 358 804 393 eo
820 342 980 423 paulisper
992 328 1072 413 eum

49 404 197 509 tyrannii
213 437 372 489 sectatus,
397 442 468 481 oum
487 420 526 479 ad
549 422 616 481 suos
630 420 843 501 concessisset,
870 441 937 489 tum
952 432 1071 509 equiti.

50 515 112 575 bus
134 514 174 572 ab
197 509 292 570 domo
313 504 414 567 secum
438 506 543 581 mlssis,
567 506 708 589 Agenda,
729 508 853 589 inquit,
876 532 925 573 rer
945 512 993 592 est.
1013 519 1071 601 j..
1162 572 1166 579 ,

50 620 161 673 ornes,
195 591 408 673 tenendaque,
441 615 528 675 quem
550 592 683 653 measure
709 598 841 679 impigre
859 599 976 682 exsequi
993 604 1068 689 juffi

51 684 125 763 estis.
185 681 291 743 Parere
323 684 433 741 enimes
456 679 653 761 dextrasque,
685 702 719 739 ae
742 703 808 761 quis
838 706 869 741 m
899 706 950 759 eo,
983 690 1068 770 quoa

51 793 97 835 nse
126 768 240 831 vulserit
251 767 429 848 fitiorum,
460 765 552 847 cesset.
618 766 682 844 Qui
708 786 858 841 cunerem
881 771 1005 852 fuerit,
1034 797 1067 841 er

44 858 136 947 sueta
156 847 306 927 confisis&
327 874 387 913 meo
407 856 601 935 interponet,
624 853 704 934 sciat
721 851 779 923 sthi
800 855 931 919 redirem
951 860 990 923 ed
1011 886 1075 946 pe..

52 964 136 1007 netes
158 962 215 1003 aon
238 939 300 1037 effe.
346 940 470 1001 Horror
494 932 626 1001 cunctos
646 942 748 1019 cepit:
782 958 815 1003 et
835 946 1068 1027 meminerant,

53 1053 130 1095 oum
144 1029 257 1111 quibus
272 1028 429 1089 mandatis
442 1025 586 1087 exissent.
612 1028 786 1107 Tyrannus
802 1034 842 1089 ab
856 1031 944 1095 laevo
959 1056 1069 1103 uoruu

54 1118 213 1183 seniebat.
262 1115 385 1175 Ponere
410 1112 507 1173 hastas
527 1112 648 1195 equites
666 1112 880 1179 Alexamenus
895 1120 1004 1201 jubet,
1025 1142 1069 1189 se

53 1204 86 1267 se
102 1200 232 1263 intueri.
274 1201 395 1281 ooltigit
411 1218 443 1262 et
462 1200 530 1281 ipse
546 1200 690 1261 animum
705 1200 873 1263 consulunt
891 1222 998 1271 tantae
1010 1196 1091 1281 ‚oo-¹
1144 1240 1147 1245 ·

54 1284 279 1375 gitationerei.
325 1286 779 1372 Postquameppropinquabet‚
796 1288 953 1373 impeturn
975 1294 1068 1381 fauit,

57 1393 104 1451 et,
126 1372 276 1437 transfixo
291 1396 384 1457 equo,
402 1392 577 1457 tyrannum
592 1372 749 1453 deturbat.
793 1379 958 1441 iacentem
974 1386 1090 1468 equi..

56 1478 106 1525 tes
124 1460 322 1525 oonsodiunt.
368 1462 477 1525 multis
489 1456 606 1541 frustra
628 1462 666 1525 in
688 1460 821 1523 loricam
840 1464 954 1529 ictibus
968 1470 1070 1553 detis,

54 1550 186 1615 tandem
201 1549 239 1610 iu
253 1546 377 1609 nudum
385 1570 499 1631 corpus
510 1552 642 1611 vulnera
655 1569 892 1633 pervenerunt:
906 1571 950 1633 et,
960 1558 1067 1641 prius.

56 1657 180 1723 quamn
194 1634 300 1699 media
316 1635 386 1699 aete
402 1632 661 1709 succurreretur,
693 1634 872 1718 exspiravit.

139 1806 279 1869 XXXVl.
322 1776 536 1878 Alexamenus
558 1824 633 1865 oum
653 1804 803 1867 omnibus
821 1808 949 1887 Aetolis
966 1817 1067 1885 οἰαω

54 1892 158 1979 gradu
170 1891 211 1951 ad
219 1888 344 1992 ‘regiam
353 1892 572 1971 occupandam
588 1896 701 1973 pergit.
747 1892 898 1977 Corporis
908 1899 1068 1985 custodes,

55 2000 133 2043 oum
149 1997 199 2039 rea
217 1997 256 2039 tn
269 1976 556 2061 oculit'gereretun
576 1997 673 2057 paror
686 1976 793 2059 primo
809 1982 911 2065 capit:
932 1984 1068 2069 deiude,

54 2064 221 2152 postquam
235 2063 328 2126 abire
342 2064 529 2125 Aetolorum
546 2060 789 2145 agmensidere‚
810 2088 1011 2135 conourruut
1024 2078 1070 2139 ad

55 2153 206 2216 relietum
224 2150 359 2233 tyranni
375 2170 507 2231 corpus:
532 2164 566 2211 et
579 2146 790 2231 spectatorum
806 2154 899 2217 turba
914 2178 955 2219 ex
969 2158 1077 2223 custo··

56 2238 153 2303 dibus
176 2238 259 2303 sitae
279 2236 454 2321 mortisque
471 2236 627 2299 ultoribus
642 2236 687 2297 est
702 2236 791 2302 fucta
836 2241 906 2305 Neo
921 2247 1069 2313 movisset
1084 2250 1088 2257 '

55 2326 88 2391 se
104 2326 286 2409 quisquam,
313 2321 342 2395 si¹
353 2326 533 2407 extemplo,
558 2318 664 2407 positis
678 2324 794 2402 armis,
818 2348 927 2391 vocata
941 2331 974 2393 in
990 2356 1067 2397 con.

55 2414 189 2477 oionetu
203 2408 373 2473 multitudo
390 2408 509 2483 suisset,
537 2425 570 2472 et
587 2410 689 2473 oratio
702 2411 812 2472 habita
829 2419 966 2499 tempori
989 2444 1069 2487 uon.

54 2499 211 2574 veniens,
230 2497 412 2580 frequentes
425 2496 505 2575 inde
521 2497 639 2559 retenti
656 2498 694 2559 in
705 2502 914 2564 armisAetoli
930 2506 997 2571 sine
1014 2513 1069 2573 in·

55 2586 141 2673 juria
163 2586 354 2669 oujsuquam.
411 2582 486 2661 sed,
520 2600 557 2647 ut
577 2585 721 2667 oportuit
737 2585 777 2646 in
798 2588 928 2653 oonfilio
952 2594 1069 2663 fraude

58 2670 184 2761 eo‘epto,
202 2671 310 2735 omnia
323 2669 361 2731 ln
375 2670 597 2733 maturandam
613 2672 791 2755 pernioiem
808 2697 930 2757 eorum,
951 2686 1003 2764 qui
1022 2685 1073 2747 fe-

57 2776 188 2836 nerant,
215 2756 289 2823 sunt
303 2772 382 2821 aeta.
425 2758 505 2820 Dux
526 2756 613 2839 regia
633 2758 771 2823 inclusus
784 2760 870 2823 diurn
886 2786 922 2827 ac
936 2788 1070 2833 noctem

56 2848 97 2910 in
110 2844 286 2911 sorutandis
300 2843 453 2909 thesauris
470 2842 602 2928 tyranni
619 2844 800 2929 consumsit:
831 2848 958 2928 Aetoli,
981 2860 1069 2919 velut

58 2948 154 3017 napta
164 2937 263 3008 urbe,
283 2954 376 3014 quam
390 2930 534 2993 liberasse
551 2930 655 2993 rideri
674 2936 840 3011 volebant,
862 2937 899 2998 in
913 2944 1068 3021 praedem

57 3016 149 3083 mli.
198 3019 296 3083 simul
312 3018 487 3103 indignitas
511 3016 576 3095 rei,
604 3015 696 3079 fimus
717 3036 914 3099 contemtus,
941 3031 1070 3094 animos

56 3104 319 3173 Laoedaemouiis
339 3105 381 3167 ad
403 3105 588 3169 coeundum
605 3103 692 3168 feeit.
734 3108 796 3194 alii¹
807 3108 933 3184 dicere,
963 3133 1069 3179 exsut.

56 3192 180 3277 iflndos
195 3194 344 3270 Aetolos,
371 3208 404 3255 et
429 3193 630 3265 libertatem,
658 3214 730 3253 oum
753 3190 876 3281 restitui
894 3197 1071 3283 videretur,

56 3280 272 3365 intaroeptam
286 3278 507 3365 repetendam.
523 3277 590 3353 alii,
604 3294 639 3338 nt
655 3296 749 3361 caput
762 3280 903 3361 agendae
918 3288 966 3347 rei
977 3290 1072 3369 ellat,

54 3368 137 3453 regii
156 3360 288 3453 gesseris
323 3360 464 3453 aliquem
489 3365 527 3427 in
548 3363 684 3448 speciem
705 3364 930 3434 assumendum.
973 3380 1074 3440 [ηρ.

53 3454 155 3517 ninus
168 3454 237 3537 ejus
252 3452 359 3537 stirpis
373 3470 442 3517 eret
457 3456 543 3535 puer
555 3450 747 3529 admodum,
780 3453 931 3521 educatus
944 3484 1017 3524 oum
1033 3466 1084 3539 li·¹
1148 3542 1151 3547 1

53 3540 146 3613 lteris
159 3541 301 3622 tyranni.
355 3560 429 3601 eum
454 3540 492 3599 in
514 3561 632 3621 equum
647 3538 836 3621 imponunt,
868 3563 900 3605 et
915 3552 1011 3611 armis
1024 3542 1073 3611 er'·

52 3627 176 3713 raptis,
196 3626 331 3706 ¹Aetolos
345 3645 437 3709 vegos
453 3646 510 3707 per
533 3630 645 3689 urbem
661 3628 808 3689 caedunt
853 3632 937 3692 Tum
953 3632 1080 3716 regiam

52 3712 229 3779 invadunt.
271 3710 320 3777 ini
335 3710 571 3777 Alexamenum
593 3732 667 3778 cum
683 3715 801 3801 paneis
814 3714 1025 3787 resistentem
1037 3726 1099 3783 ou.

89 3799 133 3867 T.
151 3800 242 3877 birri
259 3796 335 3865 aa.
350 3796 414 3903 III.
698 3804 731 3887 0
850 3800 853 3805 ’
1013 3823 1121 3871 trun-
