2354 4140
87 138 188 232 ,aaa
280 130 439 195 moen
459 129 973 231 xxxfflfuxtxxn

223 242 264 301 u.
294 242 328 299 c.
361 244 435 310 5⁶3.
782 262 809 297 a.
834 240 867 299 c.
891 240 933 299 u.
961 248 1035 321 ηις.
1094 298 1098 303 ,

122 382 340 423 cummanum
357 358 451 419 hostis
468 380 539 420 non
553 358 753 436 consereret,
777 361 885 419 nullus
899 358 971 421 usus
988 377 1068 424 erat.
1093 364 1140 424 Sa-

125 452 191 527 xis,
212 470 275 509 nec
289 446 439 522 modicia,
466 465 501 506 ut
514 469 594 529 quae
617 467 686 505 uon
701 444 959 529 praeparassent,
987 445 1046 507 sed
1059 447 1141 529 quod

124 539 238 619 cuique
253 552 372 595 terricre
390 533 563 615 trepidanti
577 533 618 593 ad
632 554 765 593 manum
783 532 934 610 venisset,
964 550 1001 592 ut
1016 534 1138 611 insueti,

126 646 189 685 uec
205 639 272 681 arte
290 642 354 681 nec
374 622 493 681 viribus
518 620 705 703 adjuvantes
726 624 840 696 ictum,
873 624 1059 682 utebantur.
1102 620 1139 681 sa·

125 712 225 790 ginis,
242 707 378 792 glaude‚
403 708 512 789 jaculis
526 710 647 769 incauti
661 711 701 767 ab
724 711 815 769 omui
833 723 924 789 parte
939 708 1139 791 configeban-

128 788 193 856 tur:
217 816 298 872 nec,
320 793 396 876 quid
415 812 562 875 agerent,
588 796 636 854 ira
650 813 681 855 et
695 816 812 876 pavore
828 797 1000 855 occaecatis
1016 796 1136 869 animis,

126 886 319 945 cernebant:
343 897 374 940 et
390 898 483 941 erant
502 880 694 963 deprehenfi
709 903 828 964 genere
843 903 988 965 pugnae,
1005 884 1046 943 in
1060 878 1137 965 quod

127 972 262 1032 minime
284 969 350 1050 apti
370 965 453 1026 sunt.
498 969 585 1028 Nam
600 968 869 1050 quemadmodum
890 970 1062 1046 cominuS,
1089 967 1137 1029 ubi

126 1059 269 1120 invicem
292 1055 359 1137 pati
382 1069 412 1113 et
430 1052 555 1116 inferre
578 1058 714 1117 vulnera
728 1057 821 1131 licet,
850 1054 1000 1117 accendit
1013 1058 1065 1117 ira
1076 1056 1158 1117 ani·

111 1158 195 1206 'mos
218 1164 348 1217 eorum3
377 1141 437 1217 ita,
465 1142 518 1203 ubi
541 1164 583 1203 ex
605 1145 728 1203 occulto
748 1159 778 1203 et
792 1144 903 1225 procul
924 1144 1052 1203 levibus
1067 1141 1137 1203 ielis

127 1232 354 1299 vulnerantur,
375 1248 448 1303 nec,
464 1251 526 1309 quo
542 1246 636 1288 ruant
650 1251 744 1289 caeco
758 1231 896 1311 impetn,
910 1230 1047 1307 habent,
1061 1230 1137 1293 velut

128 1316 217 1378 serae
237 1313 408 1375 transfixae
430 1315 468 1375 in
488 1315 558 1376 suos
581 1332 701 1377 temere
730 1317 912 1377 incurrunt.
964 1316 1136 1399 Detegeltat

129 1405 264 1464 vulnera
277 1422 404 1475 eorum,
425 1399 511 1484 quod
524 1401 606 1463 nudi
620 1419 782 1486 pugnant,
805 1419 837 1464 et
851 1402 927 1462 sunt
941 1400 1012 1463 fusa
1025 1392 1057 1464 et
1070 1422 1135 1463 can·

126 1488 205 1551 dida
221 1508 370 1571 corpora,
390 1502 424 1545 ut
438 1510 517 1569 quae
533 1510 718 1572 nunquam,
740 1488 802 1550 nifi
815 1490 853 1550 in
866 1509 993 1576 pugna,
1017 1488 1146 1555 nuden-¹

129 1595 199 1636 tur:
227 1576 272 1636 ita
292 1590 326 1635 et
346 1574 417 1655 plus
436 1573 601 1658 sanguinis
618 1600 636 1637 e
648 1580 749 1637 multa
765 1596 863 1636 carne
877 1575 1092 1654 fundebatur,
1108 1592 1136 1635 et

128 1662 287 1723 foediores
297 1663 450 1743 patebant
463 1663 590 1745 plagae,
607 1682 638 1723 et
653 1662 775 1723 candor
783 1685 954 1747 corpontm
964 1666 1065 1747 tnagis
1073 1662 1135 1726 [en-
1153 1718 1157 1725 .

127 1750 225 1833 guina
247 1764 315 1807 atro
328 1748 553 1811 maculabatur.
599 1749 661 1812 Sed
675 1744 746 1810 non
762 1767 827 1810 tam
842 1753 1031 1835 patentibus
1045 1751 1134 1834 plagis

127 1853 308 1897 moventur.
353 1832 517 1896 interdum
532 1834 652 1897 insecta
667 1854 754 1913 cute,
784 1839 841 1897 ubi
857 1838 969 1915 latior,
990 1858 1086 1921 quam
1099 1836 1152 1909 d,

128 1924 206 2001 tior,
249 1924 341 2005 plaga
371 1919 434 1995 est,
477 1924 573 1985 etiam
603 1923 764 2005 gloriosius
788 1922 820 1985 se
850 1944 997 2007 pugnare
1021 1938 1132 2009 putant.

127 2010 248 2085 sidem,
275 2031 349 2071 eum
369 2010 496 2070 aculeus
515 2009 643 2092 sagittae
659 2027 712 2069 aut
725 2010 862 2093 gladiuS‚
883 2010 1014 2071 abditae
1027 2013 1135 2073 intror-

129 2098 195 2174 sus,
222 2095 316 2157 tenui
330 2096 466 2157 vtrlnere
485 2096 671 2177 inspeciem
690 2099 771 2173 urit,
799 2112 830 2157 et
848 2097 1043 2174 scrutantes,
1063 2116 1135 2181 quae

129 2186 267 2258 vellant,
294 2184 393 2242 telum
414 2204 486 2242 non
504 2181 662 2265 sequitur;
694 2176 777 2263 tum,
798 2186 836 2244 in
854 2185 978 2243 rabiem
999 2202 1033 2245 et
1046 2182 1134 2267 pudo·

127 2292 199 2332 rem
213 2286 278 2329 tam
293 2290 410 2350 parvae
424 2268 612 2351 perimentis
626 2268 720 2352 pestis
737 2270 824 2345 verli,
850 2270 1064 2352 prosternunt
1077 2265 1142 2331 cor·¹

128 2379 206 2438 pora
219 2355 329 2429 humi,
358 2352 401 2413 sic
412 2371 447 2413 ut
462 2354 573 2437 passim
595 2359 852 2438 procumberent.
897 2354 982 2433 Atii.
1011 2372 1135 2418 ruentes

129 2447 166 2502 in
181 2440 320 2516 hostem,
339 2438 481 2521 undique
498 2443 756 2524 configebantur:
778 2460 826 2518 et,
842 2464 914 2503 cunr
931 2446 1080 2505 cominus
1092 2464 1135 2505 ve·

128 2543 265 2602 nerant,
284 2524 395 2607 gladiis
410 2547 429 2583 a
445 2528 592 2589 velitibus
608 2529 857 2589 trucidabantur.
903 2530 965 2600 Hic
979 2532 1075 2593 miles
1090 2530 1135 2591 tri-

126 2613 274 2696 pedalem
289 2626 434 2697 parmam
450 2614 555 2691 habet,
571 2633 602 2675 et
614 2617 651 2675 in
667 2615 779 2676 dextra
794 2614 912 2692 hastas,
935 2619 1053 2697 quibus
1068 2618 1136 2679 emi·

128 2720 189 2758 nus
202 2699 308 2758 utitur.
339 2698 443 2779 gladio
460 2701 664 2784 Hispaniensi
679 2702 872 2783 eltlcinctut.
916 2703 1044 2785 quodsi
1084 2702 1136 2771 ede

127 2786 239 2846 collato
253 2784 464 2869 pugnandum
479 2787 539 2863 ost,
556 2790 714 2849 translatis
728 2788 765 2849 in
781 2792 904 2852 laevam
917 2788 1033 2867 hastis,
1051 2728 1136 2852 drin-

125 2875 169 2957 git
180 2871 330 2955 gladium.
375 2875 469 2935 Pauci
477 2873 665 2957 supererant
677 2876 739 2959 jam
755 2876 931 2939 Gallorum.
965 2864 1137 2961 qui‚'pos.··

127 2982 222 3042 quam
235 2963 273 3019 ab
287 2961 368 3021 laevi
385 2954 544 3023 armatura
556 2962 716 3045 superatos
738 2960 770 3023 se
785 2962 952 3041 viderunt,
978 2980 1011 3024 et
1023 2963 1136 3027 instare

118 3048 291 3131 ,legionum
311 3044 413 3129 signa,
443 3047 543 3109 eflusa
561 3048 634 3130 fuga
649 3048 748 3109 castra
769 3065 940 3132 repetunt,
965 3054 1098 3134 pavoris
1111 3064 1137 3113 et

127 3134 277 3194 turnultus
297 3133 363 3216 jam
377 3137 489 3217 plena:
519 3152 554 3194 ut
569 3136 624 3199 ubi
639 3133 797 3211 feminae,
823 3136 996 3219 puerique,
1026 3152 1060 3199 et
1082 3138 1136 3199 elit

126 3222 264 3281 imbellis
277 3223 370 3279 turba
382 3224 539 3303 permixta
554 3220 639 3282 esset.
683 3224 847 3283 Romanos
871 3223 1008 3285 victores
1024 3222 1135 3285 deserti

127 3306 201 3390 suga
217 3306 353 3389 hostium
366 3324 560 3391 acceperunt
575 3309 698 3369 tunuli.
978 3326 981 3333 ·
1138 3305 1141 3316 '

211 3480 307 3542 XXII.
352 3480 414 3542 Sub
432 3478 520 3539 idem
538 3495 662 3561 tempus
685 3478 719 3538 L
734 3468 874 3541 Manlius
889 3498 921 3543 et
940 3483 977 3545 C.
993 3482 1141 3558 Heluian.

126 3588 215 3643 cum,
246 3563 331 3648 quod
353 3569 436 3625 aiam
458 3568 552 3626 colles
567 3566 689 3647 obliqui
704 3563 881 3645 dederunt,¹
911 3567 1131 3643 ascendissent.

126 3652 290 3735 postquam
310 3649 351 3709 ad
367 3652 462 3711 invia
484 3669 617 3713 ventum
633 3651 693 3727 est,
723 3651 843 3721 flexere
861 3656 929 3715 [iter
949 3656 990 3717 in
1009 3672 1131 3741 partem

128 3740 261 3813 montis,
282 3757 363 3819 quae
376 3758 442 3795 una
452 3739 590 3800 habebat
603 3741 680 3817 iter,
703 3754 734 3797 et
747 3737 835 3821 sequi
850 3741 991 3829 considis
1008 3759 1128 3829 agmen.

86 3844 90 3851 ·
1069 3848 1127 3891 mo
