2354 4140
27 147 43 207 ζ,
99 130 195 199 280·
288 98 625 195 maxum
664 90 841 183 cnfixnt]
865 90 967 182 xx'ss'
1007 120 1016 188 Ἀ
1112 92 1121 185 Ν.

767 248 794 287 ³·
820 230 854 287 c.
877 228 1125 327 ³2⁹2ss-

713 308 916 326 ———--

104 308 712 330 W

87 353 174 412 loco
190 349 281 411 Afiae
296 349 398 431 major
410 348 504 429 regiis
518 347 672 413 militibus
688 362 779 430 parta
793 346 837 406 est
849 346 979 430 pracda.
1000 346 1129 409 Eodem

105 432 369 518 Adramytteum,
388 450 424 495 ut
436 434 509 495 urbi
522 428 678 519 praesidio
695 432 814 510 essent,
836 436 974 496 navibus
990 434 1127 513 circumi

105 527 204 610 ¹vecti,
226 516 382 586 Aemilius
399 538 431 582 et
444 516 795 605 Eumenesvenerunt.
867 548 870 555 ¹
1090 518 1101 527 ”

41 618 44 625 .
512 624 516 633 ,
562 606 565 611 ,
586 614 589 635 ,
617 610 620 619 .

187 700 252 758 ΧΧ.
276 700 337 758 Per
357 693 486 758 eosdem
507 693 589 757 sorte
607 696 676 758 dies
688 686 819 757 Elseam
838 716 880 755 ex
893 690 1129 775 Achaiamille

75 786 85 841 ’.
99 782 230 869 ,pedites
252 806 325 847 cum
344 800 474 844 centum
498 786 672 866 equitibus,
705 776 889 866 Diophane
906 784 1058 845 omnibus
1076 781 1128 843 his
1163 772 1166 781 ¹

108 871 208 953 copiis
233 870 427 954 praeposito,
465 870 671 932 accesserunt.
723 890 801 954 quos
829 866 965 952 egressos
987 869 1128 947 navibus

109 959 235 1019 obviam
251 957 333 1020 misfi
351 962 390 1017 ab
406 956 512 1019 Attalo
526 975 620 1020 nocte
628 960 814 1041 Pergamum
831 953 1044 1031 deduxepunt.
1064 955 1125 1016 Ve-

21 1055 24 1068 '
106 1046 214 1106 terani
229 1066 341 1105 omnes
358 1061 389 1105 et
403 1044 500 1129 periti
515 1034 592 1106 belli
607 1062 728 1128 erant,
746 1059 778 1105 et
798 1042 863 1125 ipse
883 1038 1123 1124 dux¹Philopoe·

27 1176 39 1193 ,,
107 1133 233 1207 menis,
250 1130 365 1192 summi
378 1149 446 1190 tum
461 1128 607 1193 omnium
621 1133 819 1195 Graecorum
833 1129 1052 1212 imperatoris,
1076 1125 1125 1187 di·

108 1217 255 1301 scipulus.
300 1220 355 1301 qui
371 1217 502 1278 biduum
518 1216 610 1279 fimul
631 1218 672 1278 ad
685 1203 826 1300 quietem
846 1217 1016 1276 hominum
1032 1235 1127 1296 equo·

107 1324 261 1386 rumque,
292 1322 323 1365 et
347 1302 388 1365 ad
401 1295 548 1367 visendas
570 1304 707 1367 hostium
728 1303 896 1391 statipnes,
918 1300 1127 1384 quibuslocis

49 1440 53 1449 ,
108 1391 367 1474 temporibusque
382 1391 574 1453 accederent
587 1393 833 1475 reciperentque
845 1388 919 1466 sese,
934 1386 1126 1448 sumserunt.

107 1475 162 1539 Ad
179 1476 303 1539 radices
316 1477 386 1539 sere
402 1479 508 1557 colliS,
540 1481 577 1541 in
596 1501 658 1562 quo
673 1476 771 1561 pofita
785 1477 831 1536 est
843 1472 936 1550 urbs,
966 1467 1047 1557 regii
1061 1472 1128 1533 suc·

107 1562 291 1624 cedebant.'
319 1566 363 1626 ita
384 1567 487 1626 libera
506 1570 545 1626 ab
566 1583 654 1648 tergo
673 1565 835 1647 populatio
857 1578 941 1638 erat,
971 1562 1065 1625 nullo
1088 1562 1144 1620 ab·

95 1652 205 1726 urbe,
223 1672 267 1710 ne
287 1652 324 1712 in
338 1652 488 1712 stationes
506 1652 637 1734 quidem
652 1646 707 1733 qui
717 1652 830 1733 procul
844 1649 1053 1732 jacularetur,
1076 1667 1127 1707 ex·

20 1806 23 1813 Ι
106 1753 268 1799 currente.
326 1736 490 1821 Postquam
510 1739 607 1800 semel
630 1735 782 1820 compulsi
804 1754 890 1796 metu
902 1735 935 1796 se
955 1735 1127 1794 moenibus

106 1823 324 1903 incluserunt,
370 1843 549 1887 contemtus
579 1848 710 1900 eorum,
752 1839 789 1882 et
808 1822 888 1884 inde
911 1822 1126 1905 negligentia,

67 1916 71 1939 ¹
107 1909 194 1994 apud
207 1912 309 1994 regios
324 1913 442 1990 oritur3
473 1934 545 1974 non
564 1913 694 1988 stratos,
727 1930 798 1975 non
812 1909 994 1971 infrenatos
1010 1924 1128 1990 magna

107 2009 182 2082 pars
204 1998 368 2058 habebant
382 2021 487 2083 equos
514 2001 623 2083 paucis
638 1994 679 2060 ad
699 2018 788 2059 arma
803 2013 834 2057 et
843 1996 979 2059 'ordines
995 1995 1127 2068 relictis,

51 2144 55 2153 ,
108 2083 220 2168 dilapst
234 2087 332 2146 ceteri
344 2082 526 2168 sparserant
544 2080 653 2147 se'toto
667 2084 783 2169 passim·
794 2105 924 2166 campo,
939 2103 1014 2166 pars
1031 2083 1070 2142 in
1082 2083 1126 2163 ju·

108 2174 239 2242 venales
258 2171 340 2233 lusus
357 2173 579 2257 lasciviamque
594 2173 691 2249 vers1‚
724 2192 799 2255 pars
813 2171 976 2233 vescentes
991 2168 1126 2230 subum-

106 2261 182 2335 bra,
198 2258 328 2342 quidam
343 2258 455 2319 somno
472 2261 567 2320 etiam
577 2258 676 2326 strati.
701 2261 788 2319 Haec
802 2256 995 2340 Diophanes
1007 2277 1048 2315 ex
1062 2254 1129 2339 alta*

106 2348 188 2405 urbe
205 2348 355 2429 Pergamo
381 2347 631 2428 contemplatus,
662 2366 750 2404 arma
772 2344 842 2405 suos
869 2364 1005 2427 capere,
1036 2358 1069 2401 et
1087 2338 1136 2417 ad·

105 2430 185 2514 jussa
199 2431 323 2513 praesto
338 2429 401 2492 esse
422 2433 525 2514 jubet:
553 2431 618 2515 ipse
633 2430 775 2493 Attalum
791 2430 948 2508 adiit,·‘et
963 2432 1003 2491 in
1017 2431 1127 2489 animo

106 2516 165 2578 fibi
181 2516 248 2597 esse
260 2516 357 2592 dixit,
381 2516 518 2597 hostium
533 2517 698 2601 stationem
715 2534 851 2579 tentare.
884 2515 990 2600 Aegre
1005 2516 1041 2579 id
1056 2536 1126 2599 per-

107 2605 255 2666 mittente
270 2600 393 2679 Attalo‚
429 2605 547 2687 quippe
568 2607 623 2688 qui
645 2623 776 2667 centum
797 2605 955 2687 equitibus
976 2602 1128 2666 adiersus

54 2733 57 2737 ‹
107 2705 302 2771 trecentus,
331 2689 421 2773 mille
437 2690 599 2774 peditibus
616 2715 689 2753 cum
703 2710 837 2776 quatuor
852 2694 992 2753 millibus
1006 2700 1128 2777 pugna·

107 2784 216 2836 turum
239 2784 404 2852 cerneret,
437 2795 532 2863 porta
557 2780 712 2863 egressus,
747 2779 835 2841 haud
856 2776 968 2863 procul
990 2778 1129 2838 statione

107 2861 264 2938 hostium,
293 2861 489 2925 occasionem
504 2870 700 2951 *opperienn
731 2864 884 2927 consedit.
929 2866 973 2927 Et
986 2866 1130 2948 q‘uiPer·

105 2949 192 3034 gami
205 2964 315 3026 erant,
339 2954 513 3014 amentiam
526 2956 643 3050 magis,
674 2976 770 3037 quam
786 2952 968 3030 audaciam,
991 2948 1128 3012 credere

108 3034 191 3105 esset
213 3052 252 3103 ¹ct
271 3034 393 3119 holm,
422 3040 584 3127 paulisper
603 3044 642 3102 in
657 3062 709 3102 eos
724 3040 822 3117 verli,
837 3036 886 3100 'ut
898 3040 983 3101 nihil
1004 3037 1131 3100 moveri

106 3121 277 3201 viderunt,
304 3124 398 3186 neci
424 3125 447 3195 fi
471 3128 645 3211 quidquam
667 3150 708 3188 ex
722 3126 812 3189 solita
832 3128 1047 3211 negligentia,
1078 3127 1128 3185 in·

107 3208 202 3295 [uper
226 3212 323 3271 etiam
346 3149 513 3292 eludentes
526 3217 733 3300 paucitatem,
762 3223 937 3275 mutarunt.
981 3212 1127 3297 Diopha-

106 3316 168 3365 nes
191 3298 312 3379 quietos
335 3301 530 3384 aliquamdiu
551 3300 640 3381 suos,
660 3304 750 3364 'velut
769 3293 814 3360 ad
830 3302 1044 3386 spectaculum
1060 3310 1128 3361 mo·-

106 3381 149 3443 do
169 3382 314 3479 eductos,
344 3388 523 3463 continuit:
552 3389 718 3475 postquam
739 3387 875 3473 dilapsos
893 3394 932 3449 ab
956 3380 1128 3451 ordinibus

106 3467 209 3533 hostes
227 3469 324 3547 vidit,
344 3471 524 3554 peditibus,
548 3494 704 3558 quantum
722 3477 901 3537 accelerare
916 3476 1060 3561 possent,
1082 3472 1128 3537 [ε’-

106 3558 161 3641 qui
182 3556 286 3638 jussis,
320 3557 387 3651 ipse
411 3561 565 3645 princeps
590 3565 679 3625 inter
701 3554 822 3645 eq'uites
841 3588 914 3645 cum
936 3571 1041 3643 turma
1062 3558 1126 3638 suti,

106 3664 203 3725 quam
217 3642 318 3727 posset
334 3642 521 3708 assulisfimis
535 3651 689 3728 habeniS,
720 3644 861 3714 clamore
874 3656 913 3713 ab
930 3653 1021 3712 omni
1035 3644 1130 3711 fim'ul

87 3729 208 3821 pedite
234 3746 331 3821 atque
352 3732 460 3901 eqqlte
487 3730 632 3826 sublato,
662 3735 836 3803 stationem
851 3739 989 3813 uestium
1007 3728 1128 3878 imprq-

521 3887 525 3893 ,
563 3841 571 3851 ’
1032 3834 1039 3843 “
1066 3840 1144 3887 *sm
