2354 4140
66 118 400 219 *guma
416 122 556 183 xxxut.
603 122 673 183 cta.
687 120 798 183 xxtv.
812 120 908 195 xxv.
1017 128 1082 197 105

14 208 22 228 “
105 226 117 257 ⁴
165 224 215 283 o.
239 226 273 284 c,
297 233 369 297 555.
392 229 466 298 556·
640 248 667 287 a.
690 228 724 286 c,
748 227 881 309 u.197.
904 228 974 307 196.
1042 208 1074 227 ““

63 294 672 327 m

63 343 239 422 Quinctius
260 348 431 431 imperator
446 349 532 429 leges
546 349 631 430 pacis
647 349 794 431 Philippo
808 346 912 423 daret,
937 346 1076 423 ‹lecreti;

63 428 306 514 adiectumque,
335 451 370 493 ut
390 435 428 494 in
449 456 486 495 eo
507 456 644 495 numero
665 436 839 517 legatorum
863 437 893 495 P.
920 432 1077 517 Sulpicius

10 529 13 579 ζ
64 533 97 579 et
119 520 152 579 P.
176 521 290 583 Villius
311 519 430 599 essent,
458 521 513 603 qui
541 521 685 583 consules
708 522 908 615 provinciam
929 519 1076 603 blacerio·

66 605 157 669 niam
172 607 391 670 obtinuissent.
438 608 568 670 Cosanis
582 616 620 670 e'o
634 607 687 671 die
702 608 950 691 postulantibus,
970 625 1005 669 ut
1019 608 1077 669 sibi

63 694 256 773 colonorum
268 716 422 756 numerus
437 713 614 778 augeretur,
636 697 725 759 mille
741 694 874 755 adscribi
891 694 975 779 jussi:
998 692 1076 755 dum

62 800 109 841 ne
132 783 203 863 quis
229 784 267 842 in
287 804 400 841 eorum
421 804 558 843 numero
577 782 669 860 esset,
691 784 747 865 qui
760 781 828 865 post
842 784 873 843 P.
890 782 1076 845 Cornelium

63 884 96 928 et
112 866 166 930 Ti.
183 869 411 955 Sempronium
427 870 573 933 consides
588 871 683 933 hostis
699 868 815 933 suisset.

60 1101 66 1107 .
168 1043 264 1106 XXV.
288 1044 369 1105 Ludi
389 1046 533 1105 Romani
555 1066 592 1105 eo
608 1064 697 1105 anno
710 1046 747 1105 in
762 1045 847 1105 circo
862 1042 1020 1123 scenaque
1035 1042 1077 1101 ab

59 1126 222 1197 ,aedilibus
237 1133 418 1209 curulibus,
441 1134 474 1193 P.
491 1133 641 1192 Cornelio
658 1132 806 1213 Scipione
823 1148 853 1189 et
874 1132 935 1191 Cu.
950 1128 1076 1190 Manlio

61 1215 221 1295 Vulsone,
246 1236 278 1279 et
289 1220 567 1303 magnificentius,
589 1240 684 1297 quam
698 1219 784 1294 alias,
807 1216 892 1292 sacti,
916 1233 947 1275 et
963 1214 1076 1279 laetius

63 1318 197 1385 propter
211 1327 262 1366 res
279 1308 363 1367 bello
376 1309 461 1367 bene
474 1305 573 1389 gestas
588 1304 735 1387 spectati,
758 1306 875 1385 totique
890 1320 939 1363 ter
957 1300 1074 1363 instau-

65 1388 142 1449 rati:
160 1391 278 1473 plebeii
293 1393 407 1476 septies
421 1392 594 1455 instaurati.
638 1391 759 1453 Acilius
775 1391 926 1466 Glabrio,
947 1392 981 1451 C.
999 1390 1075 1451 Lae-

60 1476 123 1536 lius
138 1498 188 1539 eos
202 1478 293 1542 ludos
308 1476 466 1545 fecerunt.
499 1480 551 1541 Ex
566 1497 697 1562 argento
712 1478 902 1541 mulctaticio
919 1475 1075 1557 trialigna

60 1583 172 1640 aenea,
189 1567 309 1643 Cereri,
326 1570 512 1651 Liberoque,
535 1585 567 1627 et
581 1570 722 1643 Liberae,
736 1564 919 1649 posuerunt.
966 1564 999 1623 L.
1015 1562 1074 1622 Fu-

60 1651 127 1735 rius
147 1668 180 1711 et
202 1656 247 1715 tlt.
271 1654 419 1716 Claudius
434 1656 623 1733 Marcellus,
647 1654 810 1715 consulatu
823 1653 921 1727 inito,
942 1673 1015 1710 cum
1032 1648 1073 1709 de

60 1739 239 1819 provinciis
256 1758 418 1821 ageretur,
439 1758 471 1801 et
486 1744 608 1803 Italiam
624 1743 752 1820 utrique
766 1740 967 1820 provinciam
983 1737 1072 1803 seno,-

61 1838 113 1897 tus
137 1823 348 1898 decerneret,
373 1843 410 1885 ut
432 1827 654 1887 Macedoniam
674 1848 745 1887 cum
768 1826 857 1883 ltalia
870 1825 1072 1899 sortirentur,

59 1910 228 1988 petebant.
273 1910 460 1985 Marcellus,
481 1914 665 1991 provinciae
680 1908 836 1991 cupidior,
859 1931 971 1993 pacem
982 1909 1072 1969 simu·

61 1994 164 2050 latam
177 2013 214 2050 ac
228 1990 374 2077 fallacem
390 1992 547 2071 dicendo,
573 2014 603 2055 et
616 1994 861 2067 rebellaturutu,
881 1994 904 2053 li
919 1995 1074 2057 exercitus

60 2077 147 2161 inde
157 2074 347 2161 ¹deportatus
363 2080 448 2157 esset,
471 2103 589 2164 regem,
605 2078 716 2141 dubios
724 2078 901 2139 sententiae
909 2080 1016 2137 Patres
1030 2076 1084 2139 se·.

61 2181 160 2225 cerat.
205 2165 249 2227 Et
266 2165 399 2228 forsitan
419 2169 629 2230 obtinuissent
645 2165 806 2241 consules,
830 2166 867 2225 ni
882 2166 922 2241 Q.
938 2163 1076 2223 Marcius
1143 2218 1147 2223 .

61 2254 138 2313 Rex
156 2268 188 2312 et
205 2254 248 2321 ,Ο
272 2252 403 2317 Atinius
418 2254 539 2332 Labeo,
560 2256 684 2318 tribuni
699 2253 817 2337 plebis,
843 2250 874 2311 sc
890 2246 1075 2311 intercessu·
1139 2252 1147 2275 *

61 2359 115 2398 ros
138 2337 307 2401 dixissent:
339 2343 376 2403 ni
391 2343 479 2425 prius
497 2342 553 2423 ipsi
568 2334 612 2403 ad
624 2344 753 2427 plebem
767 2334 928 2413 tulissent,
952 2336 1076 2397 vellent

61 2426 259 2510 iuberentne
283 2449 355 2489 cum
379 2450 454 2512 rege
477 2430 624 2515 Philippo
647 2450 759 2513 pacem
774 2424 846 2487 esse.
891 2424 938 2485 Fa
954 2423 1074 2504 rogatio

60 2513 99 2573 in
122 2512 276 2594 Capitolio
298 2512 339 2573 ad
359 2516 489 2598 plebem
510 2518 571 2576 lata
587 2516 639 2578 est.
670 2532 797 2578 'omncs
813 2513 956 2593 quinque
974 2510 1072 2575 ettri·
1119 2560 1122 2565 .

60 2598 150 2681 ginta
164 2598 276 2675 tribus,
296 2601 344 2662 uti
356 2619 491 2684 rogatae,
505 2603 669 2685 jusserunt.
713 2602 756 2663 Et
771 2620 833 2683 quo
846 2600 945 2681 magis
959 2618 1073 2681 pacem

60 2685 254 2754 ratam'esse
282 2687 321 2747 in
346 2688 537 2751 Macedonia
556 2692 648 2773 vulgo
670 2692 883 2765 laetarentur,
911 2681 1006 2747 tristis
1030 2705 1074 2751 ex

61 2773 219 2855 Hispania
240 2774 374 2837 nuntius
396 2777 505 2837 allatus
520 2776 644 2850 essceit,
665 2778 871 2858 vulgataeque
884 2773 1012 2845 literae,
1035 2772 1071 2835 C.

64 2856 270 2939 Sempronium
306 2852 490 2933 Tuditanum'
509 2860 713 2945 proconsulem
743 2852 942 2923 iu'citeruore
965 2856 1072 2937 Hispa·

60 2947 113 3005 nio
135 2942 253 3025 proelio
275 2949 402 3009 uictum:
435 2955 595 3013 exercitum
613 2951 674 3029 ejus
686 2946 790 3031 fusum
798 2946 1019 3031 fugatumque,
1042 2958 1072 3003 et

63 3028 191 3107 illustres
222 3036 307 3093 uiros
334 3037 365 3094 iu
387 3038 448 3097 acie
469 3036 606 3119 cecidisse.
653 3031 853 3107 Tuditanum,
898 3050 960 3089 cum
981 3030 1071 3113 gravi

61 3114 184 3197 vulneri
204 3116 296 3178 latum
318 3141 356 3189 eu
369 3120 499 3201 proelio,
530 3120 610 3218 baud
632 3126 674 3183 ita
697 3119 787 3183 multo
811 3112 878 3200 post
902 3112 1071 3200 exspiroffe.

61 3202 249 3266 Consulibus
273 3209 425 3268 ambobus
438 3211 528 3273 Italia
544 3208 711 3292 provincia
721 3210 800 3265 ‘cum
813 3205 866 3267 his
880 3203 1069 3285 legionibus,

60 3296 143 3373 qu'as'
154 3288 331 3372 superiores
346 3294 491 3359 consules
505 3294 706 3371 habuissent,
729 3292 874 3369 decreta,
894 3286 928 3349 et
949 3305 983 3349 ut
996 3309 1070 3371 qua-

57 3393 132 3439 tuor
150 3376 293 3459 legiones
316 3402 415 3442 noras
434 3383 628 3445 scriberent:
659 3380 754 3457 duas,
784 3398 886 3459 quae,
906 3398 967 3459 quo
980 3375 1071 3439 setta·

58 3481 110 3525 tus
140 3462 327 3543 censuisset,
357 3468 571 3531 mitterentur.
610 3484 640 3529 et
662 3470 701 3531 T.
727 3465 897 3544 Quinctius
919 3460 1071 3527 Flamini.

58 3571 123 3615 nus
142 3545 216 3611 cum
236 3549 360 3617 duabus
381 3556 559 3638 legionibus
578 3553 780 3639 provinciam
799 3551 912 3613 eodem
928 3548 1072 3611 exercitu

57 3638 208 3707 obtinere
218 3687 223 3693 -
233 3637 348 3719 iussus:
375 3642 549 3730 imperium
571 3644 602 3705 ei
614 3656 817 3729 prorogatum
829 3637 904 3702 satia
916 3637 981 3723 iam
994 3647 1072 3694 auto

31 3722 165 3787 ¹uideri
178 3720 250 3809 esse.
286 3782 289 3787 .

247 3858 253 3866 .
545 3818 628 3903 G5
848 3810 851 3815 ’
984 3802 1116 3875 ἪΝΧ.
