2354 4140
117 118 188 202 304
263 94 420 177 uteru
439 112 597 190 xxxvtt.
640 112 729 175 cn.
752 110 845 177 xtv.
869 112 979 179 xtvt.

121 290 124 296 ,
331 246 338 274 ·-
352 222 392 282 U.
417 220 452 281 C.
477 221 552 291 562.
665 240 693 279 a.
711 218 745 278 C.
764 218 804 277 N.
832 238 902 313 tqo.

119 330 252 411 addu'ott
271 342 363 404 lunt:
398 354 431 397 et
452 339 564 421 legati,
590 339 647 421 qui
667 338 807 399 Romam
829 338 1137 415 irent,'venerunt‚

118 432 284 498 Eumenes
298 444 423 511 quoque
442 424 557 485 eodem
578 441 724 508 tempore
746 422 908 507 profectus
925 424 970 487 est
983 428 1136 507 Romam,

120 542 185 606 quo
207 518 300 603 legati
320 512 412 595 regis.
463 510 586 572 secutae
617 532 670 573 eos
697 510 772 573 sunt
790 511 1136 593 legationesomnium

118 606 211 673 Aliae
226 603 426 689 populorum.

208 688 316 753 XLVI.
346 686 438 747 Dum
456 684 536 745 baec
558 682 596 745 in
610 678 684 744 Asta
704 690 876 767 gemmtur,
905 684 970 747 ‹luo
992 684 1064 749 sere
1078 685 1136 752 sub

120 777 209 850 idem
220 794 346 859 tempus
361 794 435 833 cum
451 771 605 854 triumphi
615 770 670 854 spe
683 768 888 855 procunsules
905 771 947 834 de
956 772 1135 857 provinciis

119 868 260 935 Romam
282 859 468 933 redierunt3
497 860 537 937 Q.
556 858 715 919 Minucius
730 877 772 919 ex
788 859 971 941 Liguribus,
994 861 1048 923 Μ’.
1061 858 1135 925 Aci·

118 956 181 1019 lius
204 970 246 1015 ex
259 948 393 1011 Aetolia.
436 942 561 1005 Auditis
585 937 747 1027 utriusque
766 948 863 1007 rebus
884 942 992 1029 gestis,
1027 948 1134 1009 Minu.

105 1042 171 1108 clo
183 1051 314 1123 negatus
334 1032 532 1114 triumphus,
549 1026 654 1093 Acilio
667 1050 785 1115 magno
797 1030 955 1093 cottsensu
970 1032 1132 1099 decretuss

117 1134 208 1213 isque
228 1119 430 1203 triumphans
444 1116 485 1179 de
499 1138 574 1200 rege
591 1116 754 1180 Antiocho
774 1134 806 1178 et
819 1118 941 1181 Aetolis
958 1124 1074 1183 urbem
1087 1120 1133 1185 est

115 1219 274 1279 inuectus.
318 1206 460 1268 Praelata
479 1204 555 1282 lunt
576 1205 614 1265 in
631 1226 670 1265 eo
690 1204 854 1289 triumpho
872 1204 962 1289 dgna
981 1207 1133 1271 militaria

118 1302 259 1370 ducenta
278 1288 424 1377 triginta:
468 1308 499 1353 et
520 1292 645 1374 argenti
665 1288 778 1353 infecti
797 1293 859 1353 tria
878 1294 980 1354 millia
999 1294 1130 1379 pondo}

117 1386 231 1473 {ignati
246 1378 517 1441 tetradracbmtim
530 1376 674 1456 Atticum
694 1394 826 1439 uantum
845 1376 1001 1443 tredecim
1018 1380 1131 1459 millia,

118 1470 336 1563 qittophorum
362 1464 501 1526 ducenta
523 1459 732 1547 quadraginta
752 1480 837 1525 octo:
880 1464 952 1529 vasa
978 1483 1131 1553 argentea

119 1561 238 1623 caelata
258 1555 376 1631 multa,
399 1553 570 1636 magnique
590 1550 753 1633 ponderis.
798 1552 886 1613 Tulit
902 1568 933 1613 et
954 1552 1130 1639 supellecti-

117 1648 185 1709 lem
200 1644 322 1728 regiam
334 1654 536 1724 argenteam,
565 1658 602 1696 ac
616 1635 734 1699 vestem
747 1638 965 1721 magnificam
993 1648 1132 1703 coronas

116 1738 244 1807 eureus,
267 1727 355 1789 dona
373 1725 529 1787 litciarutu
540 1724 720 1803 civitatum,
751 1722 960 1807 quadraginta
972 1728 1126 1811 quinque,

116 1820 217 1906 spolia
239 1814 345 1877 omnis
369 1813 513 1899 generis:
531 1812 682 1893 captivos
703 1812 846 1887 nobiles,
868 1810 999 1876 Aetolos
1024 1830 1058 1875 et
1081 1836 1127 1875 re-

105 1908 183 2002 gios
203 1904 317 1979 duces,
347 1899 402 1961 sex
422 1916 454 1959 et
477 1898 607 1981 triginta
628 1896 728 1958 duxit.
772 1896 977 1963 Damocritus
999 1898 1126 1962 Aetolo·

114 2014 190 2060 nun
205 1990 272 2055 dux
286 2008 403 2072 paucos
419 1984 595 2061 antedius,
618 2004 692 2044 cum
707 2003 726 2044 e
743 2004 871 2045 carcere
889 2003 986 2049 nocte
1001 1984 1126 2070 effutis·

114 2080 178 2159 set,
207 2080 246 2141 in
270 2077 341 2159 ripa
362 2074 488 2135 Tiberis
512 2069 687 2132 consecutis
706 2070 901 2149 custodibus,
940 2074 1127 2157 priusquam

114 2160 461 2249 comprehenderetur,
489 2156 645 2243 gladiose
665 2157 832 2219 transfixit.
858 2160 975 2228 Milites
988 2176 1126 2237 tantum,

114 2256 172 2342 qui
191 2250 400 2334 sequerentur
413 2266 559 2321 currum,
583 2242 771 2326 defuerunt:
801 2244 917 2327 alioqui
938 2248 1128 2331 magnificus

114 2358 149 2413 et
161 2336 339 2423 spectaculo
362 2349 393 2395 et
414 2331 500 2393 saum
521 2351 628 2390 rerum
647 2331 827 2413 triumphus
839 2332 910 2393 fuit.
954 2334 1127 2416 Hujus‘tti·

114 2424 230 2509 umphi
244 2421 362 2483 minuit
380 2419 533 2478 laetitiam
552 2417 686 2477 nuntius
700 2438 741 2479 ex
756 2418 910 2501 Hispania
928 2417 1042 2497 tristiS,
1072 2418 1126 2483 ad·

113 2512 205 2576 versa
221 2528 330 2593 pugna
344 2506 384 2565 in
394 2502 589 2581 Vastetanis,
608 2501 706 2563 ductu
721 2506 755 2564 L.
770 2500 901 2567 Aemilii
913 2506 1127 2589 proconsulis,

32 2607 37 2623 ‘
114 2596 202 2685 apud
225 2592 380 2679 oppidum
402 2592 567 2673 Lyconem
593 2610 667 2649 eum
692 2589 845 2653 Lulitanis
870 2593 926 2653 sex
951 2594 1055 2654 millia
1082 2581 1128 2656 do

114 2682 263 2749 exercitu·
273 2682 423 2741 Romano
437 2673 592 2737 cecidisse.
624 2678 770 2753 Ceteros,
788 2694 942 2761 paventes
959 2680 1049 2739 intra
1062 2680 1128 2742 val·

113 2773 184 2833 l'um
198 2764 385 2851 compulsos,
401 2784 492 2846 aegre
505 2762 605 2823 castra
620 2760 816 2842 defendisse,
831 2779 862 2827 et
877 2766 914 2826 in
927 2764 1063 2827 modurn
1077 2764 1127 2827 su·

112 2858 271 2945 gientium
282 2853 406 2937 magnis
427 2851 595 2917 itineribus
618 2850 656 2911 in
673 2870 784 2933 agrum
804 2868 950 2935 pacatum
964 2850 1126 2915 reductos.

113 2948 203 3008 staec
216 2963 258 3003 ex
271 2939 426 3025 Hispania
438 2938 595 2997 nuntiata.
645 2936 696 2998 Ex
710 2936 817 2999 Gallia
839 2940 956 3023 legatos
970 2938 1129 3001 Placenti·

111 3049 232 3095 norum
248 3043 280 3091 et
294 3022 559 3098 Cremonensium
578 3024 613 3084 L.
629 3021 864 3109 Aurunculeius
878 3041 1007 3109 praetor
1027 3027 1067 3087 iu
1080 3024 1127 3087 se·

112 3134 229 3181 uatum
246 3112 436 3176 introduxit.
480 3111 519 3171 iis
534 3111 741 3193 querentibus
761 3110 906 3195 inopiam
922 3104 1127 3189 ceterorum,

112 3206 182 3267 aliis
195 3201 274 3265 belli
286 3200 423 3275 casibus,
444 3196 512 3259 aliis
528 3200 642 3257 morbo
656 3195 821 3276 abbuntis,
841 3196 995 3281 quosdam
1016 3197 1127 3261 taedio

110 3292 292 3359 accolarum
300 3286 469 3351 Gallorum
484 3280 643 3367 reliquisse
657 3284 815 3362 colonias,
830 3284 971 3347 decrerit
984 3282 1130 3363 sensnm

117 3378 172 3441 Urr'
190 3374 226 3439 G.
243 3372 362 3437 tactam
380 3367 495 3455 consul,
520 3365 548 3442 fi
568 3371 597 3431 ei
611 3369 788 3446 uideretur,
815 3370 867 3453 sex
887 3369 978 3435 millia
993 3371 1126 3450 familis·

111 3484 180 3528 rata
193 3458 405 3545 consuis-mr,
425 3476 499 3540 qaae
519 3459 551 3517 ἐκ
573 3474 620 3517 ers
641 3454 772 3516 colonias
784 3453 1015 3519 dividerentur
1044 3476 1075 3519 at
1089 3470 1126 3519 as

111 3548 149 3618 L.
163 3543 386 3629 Aamcalejas
407 3560 533 3625 praetor
554 3545 728 3603 trimetros
741 3559 860 3605 crearet
876 3540 917 3605 ad
937 3562 986 3606 tos
1006 3542 1125 3607 colonos

109 3630 303 3699 deducendos.
344 3630 451 3691 Creuti
472 3630 516 3690 Μ.
532 3626 648 3691 Atilius
670 3629 841 3711 Serranus,
863 3631 1071 3717 'Ualerius
1085 3626 1122 3693 θ.

87 3703 133 3799 ld
149 3722 301 3800 sturm,
324 3717 359 3791 L·
375 3716 523 3785 Valerius
536 3712 571 3779 C.
583 3712 620 3781 t.
633 3712 757 3798 Taqqo.

291 3808 294 3813 ’
997 3800 1128 3877 tum.
