2354 4140
706 262 733 299 a.
759 242 792 299 C.
819 238 860 300 N.
883 244 956 311 168.

699 320 1106 339 annun-*—

90 366 236 427 cohortes
251 385 268 421 a
283 376 375 447 parte
396 364 621 445 llomunorum
639 375 742 435 erant,
766 360 956 421 Marrucina
970 376 1002 420 et
1014 362 1110 447 Pelig-

90 474 152 527 na;
175 448 255 509 duae
281 464 406 506 turmae
428 448 618 507 Sanmitium
642 446 801 527 equitum,
827 446 942 527 quibus
965 463 1114 529 praeerat

20 590 28 599 .
90 542 142 603 M:
158 532 283 619 Sergius
308 534 390 595 Silus
413 534 559 615 legatusz·
588 548 618 593 et
641 532 726 592 aliud
752 554 811 616 pro
833 531 941 594 castris
961 532 1110 595 'stativum

91 642 162 693 erat¹
173 618 364 705 praefidimn
378 617 436 679 lub
453 621 485 679 C.
504 621 614 679 Cluvio
628 618 749 701 legato,
775 636 838 679 tres
852 620 1020 695 cohortes,
1047 621 1111 680 Fir·

91 730 205 783 mana,
244 706 393 781 veruna,
426 703 670 779 Cremonenfis3
703 704 784 764 (luae
800 722 932 767 vturmae
951 707 1111 789 equitum,

91 794 277 857 Placentina
297 810 330 855 et
350 790 543 852 Aesernina.
589 794 671 877 Cutn
693 792 792 853 otium
814 792 856 851 ad
871 794 1001 853 flumen
1023 790 1110 871 esset,

91 882 215 947 neutris
230 877 476 955 lacessentibus,
499 877 580 939 hora
596 879 726 939 circiter
741 896 854 961 quarta
868 880 1071 961 jumentum,
1093 900 1112 939 e

90 969 239 1033 manibus
256 964 444 1027 ¹curantium
468 964 627 1049 elapsum,
651 965 690 1025 in
699 958 890 1026 ¹ulteriorem
908 967 1016 1050 ripam
1032 964 1111 1027 effu·

89 1056 142 1139 git.
188 1046 275 1135 quoti
295 1074 370 1113 cum
392 1073 450 1133 per
474 1070 605 1133 aquam,
640 1048 743 1113 ferme
772 1050 974 1137 genutenus
1002 1055 1109 1130 altam,

90 1158 153 1209 tres
169 1140 287 1202 milites
303 1136 531 1221 sequerentur,
558 1139 701 1200 Thraces
723 1138 786 1199 duo
806 1139 841 1200 id
864 1141 1047 1223 jumentum
1070 1160 1112 1201 ex

89 1224 198 1291 medio
215 1228 304 1287 alveo
323 1220 463 1285 insuam
478 1226 583 1307 ripam
604 1226 788 1301 trahentes3
814 1228 915 1288 altero
931 1248 1109 1293 eorumne·

89 1314 162 1390 cito,
186 1328 379 1395 receptoque
395 1331 433 1371 eo
444 1310 605 1393 ¹jumento,
629 1310 673 1371 ad
686 1310 856 1373 [tationem
870 1308 1001 1373 luorum
1013 1313 1047 1375 le
1061 1335 1109 1375 ree

88 1402 261 1487 cipiebant.
298 1398 577 1481 ·Octingent0rum
599 1398 763 1459 Thracum
778 1398 971 1482 praelidium
991 1402 1030 1461 in
1054 1400 1109 1461 ho

87 1485 181 1555 [tium
196 1487 268 1569 ripa
285 1498 370 1560 erat,
389 1505 436 1545 ex
451 1483 501 1544 his
512 1486 611 1567 pauci
624 1487 749 1569 primo,
773 1507 866 1569 aegre
884 1482 963 1571 palti
978 1488 1110 1573 popula-

88 1599 161 1641 rem
182 1576 221 1635 in
239 1570 295 1633 'luo
318 1569 492 1655 conspectu
504 1572 655 1649 caelum,
687 1571 729 1633 ad
746 1571 986 1657 persequendos
1009 1574 1110 1635 inter-

83 1658 373 1728 tectores'fluvium
385 1658 571 1741 transgressi
586 1658 676 1720 lunt:
701 1656 781 1723 dein
800 1662 925 1745 plures,
945 1660 1110 1745 postremo

89 1769 222 1827 omnes,
243 1760 361 1809 etcum
373 1744 540 1833 praesidio,
717 1743 723 1757 “

87 1966 251 2056 proelium
271 1962 369 2027 ducit.

176 2084 268 2157 xm„
284 2083 435 2146 Movebat
460 2080 589 2167 inperii
603 2080 766 2166 majestas,
802 2084 903 2167 gloria
923 2082 1000 2161 viri,
1028 2100 1109 2145 ente

90 2172 205 2243 omnia,
222 2188 324 2249 aetas,
346 2168 433 2253 quod
453 2172 555 2254 major
570 2168 732 2253 sexaginta
747 2173 843 2231 annis
863 2171 1016 2253 juvenum
1034 2192 1103 2229 mu·
1142 2222 1145 2229 .

90 2260 148 2333 nia
161 2261 199 2322 in
211 2274 306 2345 parte
311 2257 487 2343 praecipua
494 2258 610 2319 laboris
624 2258 820 2340 periculique
828 2256 1014 2340 capeffebat.
1032 2248 1101 2343 :ln-

90 2346 275 2423 tervallum,
299 2342 386 2428 quod
400 2344 488 2417 inter
501 2360 637 2405 cetratos
652 2361 682 2404 et
695 2344 871 2427 phalanges
885 2362 970 2421 erat,
993 2344 1105 2427 imple·

89 2435 134 2495 vit
149 2433 247 2515 legio,
274 2448 367 2513 atque
381 2430 483 2491 aciem
501 2428 640 2491 hostium
661 2431 844 2514 interrupit.
895 2429 928 2492 A
946 2448 1038 2515 tergo
1058 2452 1105 2491 ce·

88 2519 177 2579 tratis
187 2535 264 2594 erat,
279 2516 423 2579 frontem
436 2516 585 2579 adversus
594 2521 753 2601 clypeatus
762 2519 914 2578 habebat:
930 2516 1104 2603 aglalpides

91 2602 344 2689 appellabantur.
383 2602 571 2687 'Secundam
589 2604 751 2687 legionem
774 2607 808 2666 I..
830 2602 971 2666 Albinus
993 2604 1102 2667 consu·

89 2691 167 2753 laris
186 2688 305 2751 ducere
318 2682 466 2749 adversus
481 2687 695 2775 leucaspidem
714 2692 908 2774 phalangem
930 2690 1045 2775 jussus:
1067 2710 1105 2751 ee

89 2776 197 2839 media
224 2778 306 2837 acies
333 2770 472 2835 hostium
500 2774 568 2837 fuit.
619 2776 661 2837 In
683 2776 832 2838 dextrum
860 2798 981 2854 cornu,
1014 2777 1102 2839 unde
1143 2774 1145 2779 ’

88 2866 174 2927 circa
199 2862 331 2927 fluvium
350 2860 550 2923 commillum
560 2864 720 2947 proelium
734 2880 821 2943 erat,
845 2864 1037 2948 elephantes
1054 2866 1099 2925 in·

88 2948 194 3029 ducti,
217 2968 249 3013 et
269 2946 514 3015 altiodorum:
541 2964 581 3010 ‘et
599 2950 678 3010 hinc
698 2952 840 3034 primum
861 2948 936 3033 fuga
954 2950 1100 3013 Macedo·

88 3060 171 3101 mun
185 3036 230 3099 e'lt
244 3054 322 3099 orta.
360 3032 446 3097 Nam
460 3033 536 3096 licut
549 3037 702 3120 pleraque
717 3058 803 3099 nova
813 3054 1003 3101 'commenta
1017 3058 1098 3099 mor·

88 3124 200 3187 talium
221 3126 260 3187 in
280 3122 386 3185 verbis
415 3120 481 3184 tim
507 3122 645 3200 habent,
681 3122 898 3207 experiendo,
936 3144 1012 3186 cum
1040 3122 1095 3207 agl.

87 3230 177 3286 non,
207 3205 477 3293 'quemadmodum
504 3222 656 3295 agantur,
681 3209 831 3287 edilieri,
860 3226 1003 3295 oportet,
1031 3210 1098 3271 lina

51 3320 53 3327 ·
88 3296 154 3357 ullo
175 3294 294 3357 effectu
315 3294 526 3373 evanescunt}
557 3294 603 3357 ita
619 3312 692 3357 tum
712 3298 878 3381 elephanti
896 3298 934 3358 in
952 3299 1021 3359 acie
1042 3316 1096 3357 no·

85 3402 166 3446 men
188 3398 315 3443 tanturn
330 3380 402 3455 ¹line
417 3378 473 3443 ulu
488 3382 627 3459 fuerunt.
670 3383 927 3469 Elephantorum
940 3385 1094 3468 impetunt¹

86 3464 240 3530 subsecuti
260 3467 334 3529 lunt
352 3466 430 3531 'socii
451 3460 597 3543 nominis
617 3470 740 3549 Latini,
763 3468 1021 3555 pepuleruntque
1035 3472 1094 3529 lae·

86 3576 163 3639 pum
185 3574 307 3627 cornu.¹
344 3558 386 3615 ln
400 3552 509 3617 medio
524 3554 666 3617 secunda
676 3558 758 3641 legio
779 3556 916 3618 immiffe
935 3554 1093 3641 dissiparlt

75 3642 288 3732 phalangem.
330 3662 437 3727 neque
460 3644 524 3702 ulla
545 3638 726 3705 evidentior
746 3642 837 3705 caula
854 3644 1006 3707 victoriae
1020 3642 1088 3719 fuit,

71 3756 176 3823 quam
191 3726 518 3827 quodmultapallm
527 3728 653 3815 praelat
661 3746 771 3809 eram,
781 3742 868 3825 qma
875 3730 1089 3802 fluctuantem,

1034 3831 1087 3873 'm
