2354 4140
42 352 171 437 effisque
186 352 260 431 silai,
278 378 360 439 quae
374 360 457 441 patri
473 376 588 445 negata
603 358 724 420 essent:
745 378 777 421 ct
792 364 898 422 omnis
915 364 1037 423 mentio

42 462 259 518 omanorum,
281 460 435 527 quantam
448 444 637 531 dignitatem
653 448 681 507 ei
697 446 783 529 apud
798 464 919 509 ceteros
932 452 1034 511 Mace·

41 548 140 609 aqu,
162 544 287 589 tantam
308 530 483 610 invidiam,
506 556 577 594 non
593 531 679 617 apud
694 532 827 595 fratrem
844 534 959 611 modo,
980 534 1036 597 sed

41 616 114 679 iam
138 614 226 699 apud
247 614 391 701 patrem,
422 622 629 681 conciliabat:
663 622 771 703 utiquc
797 619 962 703 postquam
981 622 1036 683 atii

41 702 111 789 Tgati
126 702 269 765 Romani
284 722 464 785 venerunt,
489 724 520 767 et
536 711 706 790 cogebatur
720 701 877 769 decedere
886 708 1034 783 'Phracia‚

41 788 236 873 melidiaque
250 788 425 870 deducere,
457 810 489 855 et
503 796 582 870 alia,
612 810 665 855 aut
683 814 724 855 ex
738 786 868 853 decr'ero
889 796 1036 877 priorum

41 892 209 963 gratorum,
247 896 300 938 aut
323 900 364 941 ex
383 901 471 941 nova
491 878 717 942 constitutione
739 878 882 955 senatus,
916 880 1033 941 facere.

40 962 77 1028 ed
94 966 209 1045 ompia
223 986 374 1027 moerens
390 966 520 1049 quidem
535 983 730 1049 mgentem,
748 970 801 1044 (co
816 968 932 1049 aragia,
948 966 1035 1051 quod

40 1052 117 1115 lium
131 1050 388 1135 frequentiorem
405 1076 506 1139 prope
523 1056 691 1133 cumillis,
714 1076 810 1137 quam
824 1054 947 1129 secum,
967 1074 1034 1115 cer-

40 1136 131 1213 eb'at)
145 1136 336 1215 obedienter
349 1157 460 1201 tamen
474 1140 622 1202 adversus
637 1144 800 1201 Romanos
816 1140 966 1218 faciebat,
988 1162 1035 1201 ne

40 1246 112 1289 aem
133 1224 290 1287 movendi
306 1228 467 1311 extemplo
485 1230 560 1289 belli
574 1226 698 1287 causam
713 1232 888 1311 praeheret.
916 1228 1033 1289 luver-

40 1312 133 1391 lndos
149 1315 245 1375 etiam
267 1314 391 1375 animos
408 1336 428 1375 a
445 1314 628 1397 suspicione.
640 1316 749 1375 talium
765 1315 970 1377 consiliorum
984 1336 1033 1375 ra·

39 1420 76 1479 tt,
89 1400 234 1463 mediam
248 1400 286 1461 in
294 1400 466 1461 Thraciam
481 1404 657 1463 exereitum
670 1404 705 1461 iu
716 1401 873 1482 Odrysas,
896 1420 928 1465 et
941 1402 1033 1463 Den-

39 1488 168 1565 teletoS,
204 1486 364 1549 ertteffos
385 1488 485 1549 duxit.
536 1488 775 1573 Philippopolin
797 1492 928 1564 urbem,
960 1488 1035 1571 suga

39 1572 183 1637 esertam·
191 1572 447 1657 oppidanorum,
478 1578 590 1657 quiin
611 1576 761 1658 proxima
781 1578 940 1637 tuentium
961 1578 1032 1661 juga

39 1662 91 1723 um
104 1660 235 1723 familiis
253 1679 445 1745 receperant
462 1660 544 1738 sese,
566 1664 666 1745 cepit:
689 1662 942 1745 campestresque
964 1667 1032 1723 har·

38 1768 130 1825 aros,
152 1746 361 1831 depopulatus
380 1768 468 1831 agros
486 1770 616 1823 cortun,
633 1750 670 1807 iu
686 1746 885 1807 deditionem
901 1751 1031 1832 accepit.

38 1836 132 1896 elicto
146 1834 223 1897 inde
237 1834 280 1895 ad
294 1836 532 1919 Philippopolin
544 1832 715 1919 praesidio,
731 1833 816 1915 quod
831 1834 916 1893 haud
932 1838 1032 1895 multo

38 1918 91 1983 ost
105 1922 151 1983 .ab
170 1912 300 2004 Odrysis
326 1922 492 2005 expulsum
522 1922 583 1998 est,
628 1920 780 2003 oppidum
803 1922 842 1981 in
864 1922 1032 2005 Deuriopo

38 2006 162 2069 undere
174 2010 318 2069 instituit.
353 2012 508 2069 Paeoniae
524 2009 665 2092 carogio
681 2006 724 2067 est
740 2028 839 2089 prope
854 2006 1032 2089 Erigonum

38 2094 166 2171 uvium3
181 2098 253 2179 qui,
273 2117 314 2155 ex
328 2096 457 2176 Illyrico
474 2118 532 2179 per
548 2095 717 2157 Paeoniam
732 2094 851 2170 sinens,
868 2094 1033 2155 inditium

37 2204 148 2245 amem
165 2182 282 2243 editur:
328 2184 422 2243 Haud
443 2184 552 2263 procul
576 2182 694 2256 Sintiis,
721 2196 828 2240 vetere
849 2186 944 2249 urhe,
974 2202 1031 2240 no·

37 2271 86 2333 mi
103 2272 219 2331 urbem
234 2268 397 2344 Perseida,
423 2285 456 2327 ut
472 2270 497 2329 is
517 2270 582 2330 lilio
598 2269 711 2347 majori
727 2268 900 2328 haberetur
915 2270 1030 2345 honos,

37 2358 172 2455 ppellari
186 2356 278 2441 jussit.

57 2588 71 2604 „
94 2532 178 2598 Ltv.
201 2528 292 2589 Dum
312 2529 393 2589 haec
413 2532 451 2589 in
466 2528 654 2591 Macedonia
670 2542 852 2611 geruntur,
886 2528 1031 2589 eonsules

37 2616 247 2703 tprovincias
263 2614 407 2700 profecti.
453 2618 622 2677 Marcellus
641 2618 791 2675 nuntium
810 2606 970 2697 praeuiilit
990 2616 1032 2676 ad

38 2706 212 2783 ..Porcium
227 2702 468 2787 proconsulem,
485 2718 538 2785 ¹ut
549 2704 590 2762 ad
612 2725 734 2763 uorum
754 2705 924 2764 Gallorum
943 2706 1030 2785 oppi-

37 2790 92 2853 um
105 2782 252 2875 legiones
267 2788 462 2851 admoveret.
507 2788 704 2851 Advertieuti
727 2787 850 2849 consuli
863 2790 951 2850 Galli
966 2789 1031 2867 sese

36 2874 222 2953 ediderunt.
268 2876 438 2936 duodecim
457 2878 560 2937 millia
580 2892 775 2935 arietatorum
791 2892 892 2933 eraut.
937 2878 1031 2955 pleri·

36 2986 77 3049 uo
96 2987 187 3027 anna
201 2986 243 3024 ex
259 2964 339 3047 agris
353 2979 445 3045 rapta
461 2964 631 3023 habebant.
678 2982 715 3022 ea
731 2983 823 3043 aegre
838 2963 1031 3043 patientibus

37 3074 52 3115 s
66 3050 213 3127 ademta,
231 3072 373 3133 quaeque
387 3052 448 3110 alia
468 3068 520 3108 aut
536 3042 724 3131 populantes
740 3069 829 3131 agros
848 3063 1039 3129 rapuerant,¹

35 3138 67 3201 at
80 3138 190 3201 secum
204 3140 385 3198 attulerant.
431 3136 471 3196 de
494 3138 543 3196 his
563 3140 657 3195 rebus
673 3134 727 3215 qui
742 3149 965 3215 quererentur,
988 3137 1030 3193 le·

35 3242 101 3289 atos
116 3228 257 3287 Romam
272 3224 437 3285 miserunt.
483 3221 662 3283 Introducti
676 3223 713 3281 in
728 3220 873 3297 senatum
888 3242 908 3279 a
919 3222 953 3281 (ἶ.
971 3225 1031 3283 Va.

35 3314 93 3377 'trio
106 3328 255 3399 praetore
271 3312 501 3393 exposuerunt,
522 3307 577 3382 Se,
593 3308 757 3390 superante
774 3311 805 3364 in
824 3304 919 3367 Gallia
934 3312 1032 3369 titulci-

35 3388 155 3469 idlae(
184 3403 288 3481 inopia
318 3418 429 3459 coactos
450 3400 520 3481 agri
548 3414 577 3454 et
599 3392 735 3480 egestate,
780 3394 1031 3476 adquaerendam

34 3486 106 3551 edent
130 3476 223 3567 Alpes
258 3485 467 3569 transgreffits.
519 3504 592 3563 quae
625 3479 736 3541 inculta
764 3501 820 3561 per
853 3481 1031 3563 solitudines

34 3562 173 3650 tierent,
213 3569 255 3634 ut
284 3570 347 3649 fine
379 3569 468 3629 utum
494 3572 609 3648 injuria
647 3566 806 3650 conseazffi.
878 3568 1032 3649 oppdum

34 3680 130 3745 itaque
151 3654 307 3737 aedificare
328 3656 469 3739 caepisse:
497 3644 577 3737 quod
598 3654 738 3715 indicium
757 3654 842 3738 esset,
872 3676 922 3717 nec
944 3676 1029 3738 agro,

34 3766 66 3812 ec
86 3744 157 3839 orbi
177 3744 233 3805 etti
249 3750 310 3808 virt
334 3743 478 3825 allaturos
500 3741 616 3833 veaiffe.
662 3742 776 3845 Nuper
789 3741 850 3849 ..M‘
874 3740 1033 3893 Claudiai:
