2354 4140
43 436 45 447 '
92 446 191 497 'crae
215 438 348 523 oppida,
370 438 486 521 partim
497 436 679 513 voluntate,
701 437 818 519 partim
834 455 921 497 metu
936 455 990 499 aut
1003 439 1053 513 ri,
1074 457 1124 499 re·

105 520 211 605 'cepit
254 516 372 585 certior
392 521 511 585 deinde
532 519 650 597 facuit,
674 522 830 604 Gythium
845 522 1000 609 oppidum
1021 524 1126 586 omni}

110 630 173 675 um
194 612 425 672 maritimarum
450 628 560 670 rerum
596 608 856 671 Lacedaemoniis
888 610 1126 695 receptaculum

116 692 198 773 effe,
227 718 289 757 nec
308 699 417 780 procul
441 716 460 755 a
480 696 562 756 mari
583 694 682 755 castra
702 697 852 757 Romana
866 696 991 784 pbelfe,
1021 699 1125 779 omni-

118 782 176 843 bus
196 782 232 843 itl
254 786 352 867 copiis
366 780 495 867 aggredi
508 780 677 861 constituit!
719 780 798 842 Erat
810 804 849 843 eo
862 786 1005 868 tempore
1017 782 1125 846 valida
1167 808 1171 813 ·

48 893 62 937 ¹,
117 863 210 946 urbs,
234 887 267 947 et
283 869 495 955 multitudine,
512 868 630 929 civium
652 867 893 951 incolarumque¹
907 886 939 931 et
953 870 1124 933 omuibel-
1158 918 1163 925 .

117 954 180 1015 lico
195 974 344 1039 apparatu
359 952 520 1018 instructa.
553 956 600 1015 -In
614 970 757 1037 tempore
773 957 933 1034 Quinctio,
953 976 1022 1017 rem
1034 953 1123 1023 haud

118 1037 245 1102 facilem
266 1042 480 1127 aggredienti,
508 1061 568 1101 rex
589 1041 751 1111 Eumenes
766 1058 798 1102 et
809 1041 909 1103 claffis
923 1042 1123 1123 Rhodiorum

55 1170 57 1175 ,
115 1124 382 1211 supervenerunt.
426 1129 437 1189 i
483 1146 545 1189 ens
557 1126 726 1188 multitudo
741 1129 904 1193 navalium
917 1128 1122 1203 sociorum,'e

118 1216 219 1276 tribus
233 1224 396 1275 odntracta
412 1216 439 1277 cl
486 1212 566 1289 ibus,
576 1215 672 1275 -intra
687 1234 803 1297 paucos
818 1213 887 1276 dies
902 1217 1021 1295 omnia,
1042 1234 1123 1297 quae

120 1299 161 1360 ed
179 1304 450 1385 oppugnationem
464 1301 552 1360 urbis
568 1315 653 1373 terra
666 1300 962 1385 mariquemu‘nittie
976 1296 1143 1362 faciende·

56 1434 59 1439 .
119 1408 219 1468 opera
241 1405 348 1465 erant,
380 1386 495 1450 effecit.
541 1387 612 1446 Jam
629 1384 844 1459 'testudinibus
867 1387 1001 1452 admotis
1012 1382 1126 1461 murui

118 1470 344 1535 fubruebatur:
383 1474 448 1558 jam
479 1473 642 1534 arietibus*
658 1474 865 1557 quatiebatur,
929 1475 1038 1557 Itaque
1057 1471 1126 1533 une

118 1562 241 1621 crebris
257 1562 369 1622 ictibus
384 1558 492 1623 eversa
505 1557 550 1619 eft
566 1560 671 1637 turris
687 1558 834 1642 quodque
847 1561 932 1622 circa
945 1561 1031 1631 muri
1047 1572 1123 1634 erac,

15 1676 17 1681 ¹
118 1643 281 1730 castt,ejus
301 1647 510 1730 prostratum:
539 1662 570 1704 et
592 1647 733 1707 Romani
754 1644 843 1705 fimul
865 1666 884 1705 a
903 1663 1013 1730 portu,
1034 1643 1127 1711 unde
1160 1666 1163 1671 ·

117 1730 224 1794 aditus
251 1735 378 1816 planior
395 1749 479 1810 erat,
513 1748 548 1790 ut
570 1730 794 1793 distenderent
814 1737 855 1792 ab
875 1734 1034 1816 apertiore
1054 1732 1124 1791 locu

74 1868 76 1872 .
120 1817 242 1896 hostes,
261 1820 350 1880 simul
366 1834 425 1903 per
439 1817 631 1902 patefactum
646 1820 743 1879 ruina
755 1818 819 1883 iter
832 1821 1012 1902 irrumpere
1030 1836 1124 1879 cone·

116 1898 248 1967 bantur.
293 1928 356 1967 nec
385 1909 521 1967 multum
541 1902 662 1981 abunt,
691 1904 788 1987 quin,
820 1927 882 1987 qua
902 1900 1125 1978 intenderant,

118 2010 338 2077 penetrarent.
373 1992 428 2054 fed
450 1991 585 2053 tardarit
605 1993 772 2079 impetum·
783 2012 894 2052 eorum
915 1992 984 2075 [pes
1004 1992 1126 2075 objecta

118 2078 290 2145 dedendae
309 2080 414 2155 urbis,
436 2100 512 2139 mox
534 2076 654 2141 deinde
675 2077 788 2139 eadem
804 2082 936 2139 turbata.
953 2094 962 2157 'r
980 2078 1125 2166 Dexago·

118 2163 205 2227 ridet
221 2183 253 2227 et
266 2170 433 2249 Gorgopas
447 2165 518 2248 pari
532 2165 668 2246 imperio
682 2180 855 2246 praeerant
867 2166 949 2226 urbi.
980 2164 1124 2247 Dexugc

119 2251 208 2321 rides
229 2253 357 2314 miserat
379 2252 420 2311 ad
443 2252 580 2332 legatum
603 2252 804 2331 Romanum,
825 2249 1015 2313 traditurum
1030 2249 1063 2311 le
1075 2270 1125 2309 ur·
1153 2318 1157 2325 ¹

118 2343 205 2401 bem.
218 2354 260 2399 'et
280 2336 409 2398 eumad
426 2358 498 2396 eam
511 2356 582 2395 rem
597 2352 720 2419 tempus
736 2339 861 2398 erratio
876 2335 1084 2411 convenilfet,
1107 2352 1126 2393 a

117 2428 269 2508 Gorgopa
290 2423 436 2511 proditor
457 2421 657 2481 interficitur.
669 2422 900 2505 'intentiusque
915 2416 955 2483 ab
968 2443 1038 2485 uno
1049 2424 1125 2482 urbs

118 2510 370 2572 defendebatur:
400 2524 433 2568 et
453 2505 614 2568 difficilior
628 2505 710 2567 facta
723 2512 917 2592 oppugnatio
929 2523 1020 2586 erat,
1033 2511 1072 2571 ni
1085 2508 1130 2589 T,

111 2598 290 2676 Quinctius
323 2614 398 2654 cum
430 2610 564 2674 quatuor
595 2595 734 2656 millibus
769 2594 965 2657 delectorum
987 2595 1126 2657 militum
1155 2652 1167 2665 „

115 2678 370 2766 {uperveniflet¹
399 2683 430 2741 Is
452 2700 532 2749 cum,
546 2679 712 2765 supercilio
739 2680 827 2745 haud
847 2684 959 2766 procul
981 2681 1154 2743 distantis·

115 2770 234 2833 rumuli
249 2772 296 2829 ,ab
315 2771 395 2841 urbe
415 2767 600 2828 instructam
624 2768 726 2833 aciem
750 2768 951 2845 ostendisset,
978 2785 1071 2831 etex
1083 2768 1126 2827 al·

116 2872 190 2920 tera
216 2873 306 2940 parte
341 2857 375 2915 L.
400 2854 570 2932 Quinctius
596 2856 636 2913 ab
667 2856 815 2937 operibus
843 2853 905 2917 luis
927 2872 1013 2915 terra
1031 2853 1162 2919 mari·‚·

100 2936 179 3028 *que
209 2940 369 3017 initaren.
389 2957 458 3000 tum
486 2960 564 3017 vero
594 2938 978 3025 desperatio¹Gorgopam
1000 2960 1128 3024 quoque
1151 2969 1155 2975 ·

116 3030 220 3114 coegit
240 3029 276 3091 id
294 3025 435 3103 consilii,
477 3024 563 3108 quod
584 3027 623 3087 in
648 3028 747 3087 altero
770 3042 874 3091 morte
895 3027 1125 3103 vindicaverat,

115 3138 242 3200 capere.
300 3131 331 3176 et
360 3130 485 3196 pactus,
523 3129 559 3172 ut
586 3111 744 3173 abducere
765 3112 847 3175 inde
865 3116 1004 3199 milites,
1047 3132 1127 3195 ques

116 3202 266 3289 praefidii
298 3200 389 3262 caula
422 3199 576 3274 habebat,
633 3198 760 3281 liceret,
811 3199 943 3263 tradidit
975 3198 1127 3279 Quinctio

115 3294 239 3352 urbem.
284 3290 468 3369 Priusquam
502 3286 661 3366 Gytbium
689 3284 881 3362 traderetur,
926 3288 1127 3371 Pythagoras,

66 3404 69 3409 ·
115 3375 296 3462 praefectus
316 3374 410 3457 Argis
431 3368 579 3448 relictus,
614 3369 731 3433 tradita
749 3372 890 3434 custodia
909 3375 998 3435 urbis
1020 3372 1128 3435 Timo

115 3465 197 3526 crati
225 3459 421 3535 Pellenenli,
453 3480 527 3520 cum
554 3460 645 3519 mille
663 3461 874 3522 mercenariis
892 3462 1064 3535 militibus,
1097 3469 1131 3519 et
1171 3490 1174 3495 ·

115 3549 241 3612 duobus
269 3549 409 3611 millibus
436 3542 649 3631 Argivorum,
693 3543 969 3613 Lacedaemonem
994 3546 1039 3626 ad
1063 3544 1129 3609 Na·
1158 3630 1163 3637 Ι

56 3661 60 3666 ·
117 3640 179 3702 tin
205 3638 308 3701 venit.
770 3670 773 3677 ·
1119 3668 1133 3677 --
