2354 4140
184 82 491 169 ttnen'nxxv.
535 103 623 161 cte.
648 100 795 162 uxum.
816 100 929 167 xxix.
992 82 1056 163 ,οὶ

49 191 247 209 *n—

186 218 189 225 '
271 214 310 271 U.
327 212 360 283 C.
376 212 449 281 560.
610 228 648 264 a.
670 206 703 264 C.
719 206 761 264 N.
783 226 853 286 ¹92·

35 342 112 417 ‘que
128 333 284 417 sarcinas,
317 350 374 411 quo
394 327 512 387 'turbam
532 333 668 389 inermem
691 328 830 407 rejiceret
837 348 851 397 ;
885 345 994 409 quanto
1018 346 1061 397 ee,

26 424 108 485 ¹'etet
132 418 215 501 quali
234 414 382 498 praefidit}
396 411 570 492 testudine,-
593 433 622 474 er
638 431 743 475 atrum
756 432 906 497 pergere,
929 432 988 495 que
1000 434 1064 475 eoe-

50 506 140 593 piffet
164 510 211 566 ire
225 509 290 578 vie,
313 524 349 564 tn
365 523 441 576 eam,
464 520 521 582 qua
536 499 676 584 venisset,
702 518 840 581 repetere
854 498 956 560 melius
975 498 1063 581 effer,-

45 592 155 673 easteis
182 610 297 674 qnoque
321 608 406 672 quem
435 587 527 653 lorum
548 604 686 668 caperet,
729 604 876 671 quantum·
889 591 1065 649 munimento

51 678 280 763 amplecteretur
304 674 380 751 laci,
422 696 480 758 qna
509 692 680 756 opportuna
707 676 841 756 aquatio,
886 693 944 755 que
962 670 1066 755 pabuli

56 768 263 854 lignorumque
293 765 377 845 copie
407 762 492 847 effer:
534 780 592 843 que
622 758 740 844 postero
762 758 810 821 die
829 759 920 840 eastra
940 761 1066 822 noveni

19 918 23 925 ,
52 872 154 917 netum
175 855 300 914 maxime
324 855 401 924 iter,
419 870 489 932 quae
504 848 611 929 forma
626 848 753 932 agminis
762 845 862 928 feret.
908 849 966 909 His
981 846 1066 907 curis

49 940 358 1025 'erogitationibusque
379 937 427 997 ita
447 938 487 995 ab
499 937 636 996 ineunte
650 950 751 997 aetate
769 936 914 997 animum
932 936 1065 1018 agitare-

55 1045 123 1104 rat,
149 1042 187 1087 ut
207 1027 298 1086 nulla
318 1025 349 1083 ei
370 1044 454 1086 nova
473 1025 511 1083 in
528 1023 584 1083 tali
600 1043 636 1081 re
652 1022 796 1105 cogitatio
813 1022 899 1085 effet.
942 1023 984 1083 Et
998 1038 1065 1081 tum

51 1114 203 1176 'omnium
217 1113 359 1197 primurn
374 1132 491 1193 agmen
506 1108 682 1173 constituit:
707 1107 786 1171 dein
801 1108 968 1172 Cretenses
979 1108 1066 1168 auxi·

54 1202 173 1275 lieres,
196 1217 244 1276 et,
267 1218 345 1281 quos
359 1199 556 1259 Tarentinos
569 1198 736 1271 vocabant,
759 1199 889 1279 equites,
912 1199 1006 1259 binos
1022 1194 1066 1255 le-

52 1310 133 1349 cum
157 1287 318 1364 trahentes
341 1307 456 1367 equos,
485 1283 526 1343 ad
547 1285 651 1366 prima
672 1282 759 1365 ligna
782 1285 879 1345 milit:
911 1302 958 1359 et,
978 1279 1075 1366 jallia·

55 1374 215 1455 equitibus
232 1372 396 1454 subsequi,
424 1372 520 1455 super
543 1386 739 1445 torrentem,
766 1371 856 1433 unde
873 1370 983 1455 aquari
998 1364 1066 1452 pol-

55 1461 138 1535 lent,
161 1481 274 1543 rupem
289 1461 461 1541 occupavit.
505 1458 554 1519 Eo
569 1456 802 1541 impedimenta
813 1461 924 1519 omnia
938 1473 969 1519 et
983 1458 1066 1517 calo·

54 1568 138 1623 ,num
162 1550 285 1607 turbam
302 1546 480 1631 conjectam
496 1546 624 1606 armatis
637 1544 866 1622 circumdedit,
889 1563 920 1621 et
935 1567 994 1628 pro
1008 1562 1067 1603 nu·

56 1650 129 1694 tura
138 1633 200 1694 loci
208 1633 306 1705 eastra
315 1633 533 1693 communivit.
553 1634 760 1691 tabernacula
773 1631 908 1693 statuere
917 1633 954 1692 in
963 1630 1066 1715 aspre·

55 1718 96 1781 ¹tis
130 1735 162 1779 et
188 1718 384 1797 inaequabili
403 1716 467 1779 [olo
494 1715 624 1776 difficile
646 1735 723 1781 erat.¹
776 1706 887 1779 Hostes
910 1720 1067 1801 quingen·

56 1823 106 1871 ,tos
130 1804 235 1887 pallus
256 1808 398 1862 aberant.
445 1824 487 1861 ex
508 1802 620 1879 eodem
641 1804 710 1861 rivo
723 1804 875 1885 utrinque
891 1824 962 1863 oum
976 1822 1069 1886 prae·¹

29 1932 32 1937 ·
58 1891 139 1967 lidio
157 1890 238 1949 levis
253 1904 431 1946 armaturae
445 1886 550 1967 aquati
562 1886 635 1945 lunt
646 1907 665 1945 :·
679 1903 727 1962 et,
749 1890 934 1971 priusquam
948 1890 1069 1971 (qualia

57 1979 98 2038 in
127 1972 317 2057 propinquis
346 1971 453 2033 castris
481 1971 599 2047 solent>
616 1974 870 2039 ,contraheretur
893 1968 1068 2053 certamen,

57 2083 129 2135 nox
149 2059 336 2122 intervenit.
380 2057 505 2119 Postero
526 2056 579 2117 die
595 2061 766 2141 apparebat
778 2059 993 2142 pugnandum
1008 2082 1069 2143 pro

58 2148 260 2230 aquatoribus
279 2147 363 2207 circa
377 2146 484 2206 n'vum
498 2142 570 2205 elle.
614 2159 711 2203 nocte
723 2146 761 2205 in
773 2148 855 2207 ualle
871 2168 890 2205 a
899 2146 1070 2229 conspectu

57 2234 199 2299 holtium·
218 2232 342 2308 aversa,
373 2247 527 2314 quantam
548 2228 789 2305 multitudinem
814 2232 902 2295 locus
916 2234 1070 2305 'occulere

57 2337 200 2405 poterat,
226 2318 390 2394 condidit,
408 2333 609 2379 cetratorum.
1053 2316 1056 2323 '

864 284 1066 303 a*

114 2521 117 2526 ·
161 2494 271 2554 XXIX.
288 2494 376 2555 Luce
389 2509 467 2569 orta,
486 2490 683 2559 Cretensium
696 2492 774 2555 lenis
787 2513 946 2557 armatura
960 2512 992 2559 et
1007 2498 1068 2561 Ta·

55 2582 185 2645 reatini
206 2581 328 2661 equites
347 2578 442 2662 super
465 2594 642 2641 torrentem
656 2582 814 2664 proelium
828 2582 1068 2645 commiserunt.

56 2664 279 2731 Telemnastus
307 2664 464 2727 Cretenlis
485 2667 689 2749 popularibus
710 2666 791 2744 luis,
824 2673 981 2753 equitibus
1008 2675 1067 2753 Ly.

56 2772 160 2817 cortes
183 2754 469 2837 Megalopolitanus
490 2770 644 2835 praeerat.
696 2755 862 2818 Cretenses
886 2757 1069 2819 etholtium

55 2842 243 2915 auxiliares,
263 2841 467 2923 equitumque
487 2838 574 2900 idem
583 2848 688 2923 'genus
702 2840 891 2920 Tarentini,
913 2843 1069 2926 praesidio

23 2986 28 2995 ,
58 2929 258 3008 aquatoribus
286 2943 389 2992 erant.
433 2924 640 3009 Aliquamtliu
664 2926 796 2988 dubium
817 2932 976 3013 proelium
996 2928 1067 3005 luit,

59 3028 98 3072 ut
119 3012 229 3075 eodem
252 3034 293 3073 ex
312 3030 404 3096 parte
425 3030 558 3095 utraque
579 3014 749 3075 hominum
761 3036 898 3097 genere,
923 3033 953 3075 et
971 3018 1068 3087 arinis

57 3101 197 3183 paribus.
241 3100 437 3161 Procedente
458 3102 654 3178 certamine,
682 3118 713 3161 et
732 3123 869 3164 numero
891 3104 997 3165 vicere
1020 3120 1067 3185 ty-

57 3186 160 3247 ranni
174 3184 351 3263 euxiliares,
372 3180 405 3247 et
418 3187 491 3269 quia
504 3189 549 3248 ita
564 3188 770 3271 praeceptum
785 3210 803 3248 a
819 3190 1068 3271 Philopoemene

56 3270 227 3357 praefectis
250 3290 333 3349 erat,
354 3290 405 3348 ut,
426 3270 553 3335 modico
576 3274 662 3336 edito
683 3277 824 3357 proelia,
845 3277 882 3337 in
897 3275 1003 3358 lugam
1017 3278 1067 3339 in·

57 3360 231 3436 (linerent,
253 3358 438 3441 hostemque
453 3359 495 3419 ad
508 3359 696 3421 insidiarum
710 3364 815 3423 locum
831 3365 1066 3445 pertraherent.

55 3444 169 3508 Effusa
189 3445 288 3507 leonti
307 3444 466 3531 fugientes
490 3469 549 3530 per
571 3448 767 3527 convallem,
797 3450 942 3533 plerique
959 3468 990 3511 et
1002 3450 1066 3513 vnl-

56 3533 185 3607 nerati,
209 3548 243 3593 et
262 3532 428 3595 interlecti
448 3531 540 3609 lunt,
568 3534 753 3616 prinsquam
771 3537 931 3597 occultum
946 3536 1067 3598 holtem

55 3614 219 3689 viderent.
243 3621 384 3680 'Cetrati
408 3621 468 3695 ita,
495 3620 651 3700 quantum
671 3620 803 3681 latitudo
825 3625 915 3685 vallis
931 3624 1068 3707 patieha·
1109 3684 1113 3691 „

14 3772 17 3777 ,
56 3721 128 3819 qur,
146 3682 300 3773 insuunt
319 3705 485 3780 lederent,
509 3720 543 3785 ut
555 3702 650 3770 facila
663 3730 723 3796 per
736 3709 920 3789 interualla
930 3707 1094 3857 orqpuxm
1148 3707 1152 3717 ’
