2354 4140
104 104 409 214 MBER
427 107 539 170 XLIII.
585 109 672 169 Cur.
688 106 854 171 xlxs'xxt
867 107 951 167 XXI.

315 292 1128 317 *many—*n-

111 336 248 417 imPetus
269 336 308 397 in
323 318 437 395 urbem
458 332 503 393 est
520 330 631 393 sactus.
675 332 812 415 puberes
828 352 941 397 omnes
964 330 1128 393 interfecti

111 419 203 484 sunt:
237 422 386 504 conjuges
417 422 596 501 liberosque
620 440 730 480 eorum
756 418 795 478 iu
820 416 999 499 'custodiam
1022 415 1126 478 dedit:

107 506 252 593 praedae
266 509 327 569 alia
341 507 478 569 militum
493 504 620 567 cessere.
638 502 891 567 Stuberamiude
908 506 1007 595 victor
1021 505 1127 567 rever-

110 611 186 655 tens
210 590 250 653 ad
259 596 415 656 Gentium
428 596 562 677 legatos,
594 593 773 652 Pleuratum
796 591 960 672 Illyrium,
984 590 1127 653 exsulan-

113 697 181 751 tem
196 680 280 763 apud
304 681 353 757 se,
383 698 414 741 et
427 679 587 764 Aputeum
603 677 813 740 Macedonem
830 698 850 737 a
861 679 1001 755 Beroea,
1024 679 1126 739 mittit.

113 768 158 827 Iis
173 767 323 843 mandat,
351 784 385 826 ut
407 783 610 850 exponerent
631 765 751 826 aestatis
774 765 841 847 ejus
862 764 1043 846 hiemisque
1063 780 1127 825 acta

113 852 170 915 sua
188 852 335 915 adversus
351 856 514 915 Romanos
529 851 774 931 Dardanosque.
796 851 972 934 adjicerent
987 851 1127 915 recentia

113 935 154 1001 in
175 942 303 1020 lllyrico
330 940 486 999 hibernae
516 938 729 1021 expeditionis
752 959 858 1021 opera.
923 938 1128 1017 hortarentur

114 1027 275 1091 Gentium
290 1028 328 1088 iu
350 1027 520 1089 amicitiam
539 1024 645 1086 secum
666 1042 696 1086 et
718 1045 791 1086 cum
805 1024 1039 1087 Macedonibus
1058 1027 1130 1110 jun-

114 1112 266 1197 gendum.

197 1288 263 1348 XX.
295 1289 354 1365 Hi,
375 1287 557 1369 transgressi
572 1288 679 1372 jugum
695 1284 804 1351 Scordi
818 1288 952 1363 montis,
983 1309 1043 1371 per
1058 1287 1130 1367 Illy-

114 1370 178 1433 rici
194 1372 395 1450 solitudines,
419 1395 495 1455 quas
512 1373 552 1434 de
567 1373 724 1435 industria
736 1374 921 1457 populando
937 1373 1132 1434 Macedones

117 1456 282 1536 fecerant,
311 1483 354 1521 ne
368 1462 519 1521 transitus
534 1459 642 1522 faciles
657 1460 822 1521 Dardanis
844 1461 881 1522 in
897 1462 1063 1541 Illyricum
1079 1476 1134 1520 aut

115 1536 341 1631 Macedoniam
356 1547 466 1624 essent,
482 1547 634 1611 Scodram
645 1549 897 1630 laboreingenti
912 1546 1045 1608 tandem
1061 1568 1133 1629 per-

119 1650 290 1705 uenerunt.
336 1633 408 1695 Liffi
429 1657 489 1695 rex
502 1636 640 1697 Gentius
657 1651 733 1695 erat.
755 1657 793 1695 eo
808 1636 899 1695 acciti
911 1636 1023 1718 legati,
1041 1655 1134 1695 tuan·

117 1715 196 1779 data
211 1723 428 1802 exponentes,
472 1724 614 1805 benigne
635 1720 733 1783 auditi
752 1721 840 1783 sunt:
870 1722 924 1803 qui
947 1720 1135 1805 responsum

120 1802 189 1889 fine
214 1804 328 1868 effectu
352 1810 514 1887 tulerunt,
547 1807 735 1868 Voluntatem
750 1806 809 1882 fibi
830 1828 887 1867 non
909 1805 1000 1891 deesse
1022 1804 1135 1868 adbel·

120 1889 240 1953 landum
262 1915 324 1954 cum
339 1894 494 1957 Romanis:
525 1913 654 1954 ceterum
673 1891 713 1954 ad
734 1894 890 1967 conandum
915 1893 965 1964 id,
992 1893 1074 1976 quod
1087 1914 1134 1953 oe·

120 1975 177 2049 lit,
202 1985 355 2062 pecuniam
368 1984 491 2043 maxime
506 1979 605 2063 deeffe.
629 1974 891 2055 HaecStuheram
907 1972 1041 2043 retulere
1053 1980 1132 2062 regi,

120 2078 191 2125 tum
211 2069 351 2131 maxime
371 2067 509 2150 captivos
532 2070 572 2128 ex
595 2068 724 2149 Illyrico
744 2066 911 2129 vendenti.
963 2067 1134 2148 Extemplo

119 2146 220 2233 iidem
243 2156 355 2238 legati,
389 2153 497 2217 addito
513 2154 647 2215 Glaucia
668 2176 708 2215 ex
723 2176 859 2215 numero
882 2152 1042 2215 custodum
1068 2174 1133 2216 cor·.

119 2240 227 2325 poris,
243 2242 452 2305 remittuntur
465 2239 534 2302 stne
548 2242 715 2302 mentione
729 2243 895 2325 pecuniae,
911 2264 971 2325 qua
985 2262 1052 2300 una
1065 2243 1134 2302 bar·

122 2329 217 2405 harus
238 2328 332 2410 inops
354 2327 540 2413 irupelli'ad
561 2329 682 2388 bellum
696 2330 828 2411 poterat.
873 2327 1038 2410 Ancyram
1056 2324 1144 2389 inde‘

119 2415 288 2497 populatus
311 2414 455 2491 Perseus,
483 2416 522 2476 in
541 2415 685 2491 Penestas
706 2414 832 2476 rursum
847 2417 1020 2497 exercitum
1042 2412 1133 2475 redu·

121 2500 182 2570 cit:
205 2499 398 2583 firmatisque
408 2501 562 2578 Uscanae,
575 2518 607 2563 et
622 2503 791 2583 circaeam
805 2525 865 2587 per
875 2500 1132 2577 omniacastclla,
1161 2568 1164 2574 ,

121 2582 209 2673 ’(Ῑιιαβ1
219 2604 401 2670 receperat,
421 2587 602 2673 praesidiis,
621 2589 659 2650 iu
673 2589 897 2651 Macedoniam
912 2590 977 2651 sese
991 2589 1113 2673 recipit.

203 2758 286 2819 XXI.
310 2760 344 2821 1..
361 2762 501 2839 Coelius,
526 2762 646 2845 legatus
659 2764 842 2842 Romanus,
876 2762 1014 2826 'raderet
1034 2759 1157 2841 Illyri-J.

122 2862 179 2929 co:
209 2845 280 2926 qui,
296 2850 419 2909 moveri
435 2869 508 2909 non
522 2846 629 2926 ausus,
660 2870 733 2909 cum
754 2852 793 2911 in
812 2788 949 2913 iislocis
970 2870 1028 2911 rex
1050 2842 1137 2923 esset,

121 2928 194 3014 post
213 2930 448 3015 prosectionem
464 2932 593 2995 demum
608 2936 673 3018 ejus
689 2952 820 2997 conatus
837 2939 875 3000 in
890 2935 1031 2998 Penestis
1045 2934 1138 2995 Usca-

122 3038 203 3077 nam
222 3020 384 3102 recipere,
419 3042 437 3082 e
458 3018 631 3104 praesidio,
653 3023 739 3104 quod
759 3024 804 3084 ibi
820 3023 1046 3085 Macedonum
1062 3036 1138 3099 erat,

122 3124 199 3163 cum
220 3106 328 3167 multis
343 3108 530 3181 vulneribus
548 3106 708 3190 repulsuS,
739 3111 942 3190 Lychnidum
964 3109 1073 3192 copias
1094 3128 1138 3169 re·

123 3186 225 3251 duxit.
271 3188 355 3253 Inde
376 3193 445 3278 post
466 3193 535 3256 dies
557 3215 673 3277 paucos
696 3197 739 3256 M.
760 3198 962 3266 Trebellium
983 3196 1138 3280 Fregella·
1160 3196 1164 3205 '

123 3296 205 3336 num
220 3299 294 3339 cum
317 3278 389 3342 satis
404 3278 509 3343 valida
522 3301 623 3341 manu
642 3282 681 3342 in
694 3282 839 3346 Penestas
859 3285 942 3347 milit
956 3284 998 3346 ad
1019 3278 1139 3345 obfides

124 3364 166 3421 ab
180 3362 231 3423 his
246 3366 395 3441 urbibus,
423 3389 504 3451 quae
519 3369 557 3439 in
570 3367 707 3428 amicitia
721 3391 794 3431 cum
806 3371 870 3435 fide
884 3368 1151 3456 penuanserant.

124 3448 341 3531 accipiendos.
375 3452 562 3516 'Procedere
583 3455 679 3515 etiam
701 3456 738 3517 in
764 3456 931 3522 Parthinos
955 3459 1000 3535 (ii
1016 3458 1142 3543 quoque

123 3533 339 3618 oblidesd'are
352 3541 556 3624 pepigerant)
570 3538 669 3624 jussit:
699 3545 739 3601 ab
754 3546 886 3628 utraque
904 3561 999 3629 gente
1011 3543 1142 3606 line‘tu·

119 3624 228 3687 multu
250 3625 342 3710 exigi.
386 3628 591 3689 Penestarum
619 3625 741 3690 obfides
764 3628 991 3716 Apolloniam,
1024 3630 1144 3709 Parthi·

25 3726 36 3761 ὲ
112 3734 239 3785 norum
247 3712 481 3803 Dyrrachium
493 3713 869 3804 (maturrimum
879 3722 1007 3783 celebre
1019 3736 1145 3862 πεπρ

147 3844 151 3851 ,
363 3860 368 3868 ,
438 3820 441 3827 ·
1056 3820 1156 3862 runco.
