2354 4140
85 95 190 177 ‘⁵44
308 88 463 167 tmen
486 90 581 180 xttt.
627 58 970 159 cisxtntxnv.

130 168 1135 197 *ΜΨ-*ὣ

368 202 410 259 U.
434 192 470 261 C.
494 206 568 269 581.
696 220 723 260 a.
748 203 782 262 C.
801 200 843 261 N.
862 216 930 275 171.
1022 212 1039 219 ''

131 274 1140 303 anduh-*ww

126 346 220 397 rum,
242 322 356 403 quibus
400 318 503 399 opulis
522 319 653 400 proprie
673 317 851 381 societatem
866 336 940 379 cum
954 338 1029 401 rege
1050 319 1138 401 jungi

126 397 342 493 displicuisset.
376 342 484 465 Pl'ritni
506 424 525 463 a
539 400 724 464 ¹Chaeronea
745 406 856 488 legati,
886 404 1007 467 deinde
1024 400 1138 466 aTbc

127 498 196 571 bis,
221 491 340 575 inipso
360 485 478 551 itinere
500 504 724 567 occurrerunt,
744 490 940 553 affirmantes
957 483 1138 553 noninteo

127 574 221 645 suisse
233 572 283 654 se,
306 598 368 659 quo
384 570 512 636 societas
526 597 564 635 ea
577 575 705 635 decreta
720 577 809 654 esset,
826 580 979 639 concilio‘:
1013 586 1084 659 quis
1097 571 1138 638 lc·-

108 744 111 749 .
127 668 208 753 gari,
228 666 318 724 nullo
332 664 370 724 in
387 660 566 745 praesentia
579 661 728 744 responso
744 663 834 740 dato,
856 662 1042 725 Chalcidem
1054 663 1087 751 Q
1098 659 1137 723 se

127 754 184 837 qui
197 748 363 833 jusserunt,
408 748 529 809 Thebis
544 766 661 831 magna
676 750 841 811 contentio
856 767 925 811 orta
939 766 1009 811 erat
1024 752 1138 823 exalia

108 839 315 909 ¹certamine.
376 831 516 895 Comisiis
536 828 701 917 praesoriis
714 835 915 897 ..Boeotorum
943 838 1026 898 victa
1057 852 1137 920 pars,

124 925 281 1009 'injuriam
301 920 513 1004 persequens,
539 939 647 981 coacta
660 920 867 983 multitudine
885 923 1053 983 decretum
1066 922 1140 983 secit

128 1010 267 1085 Thebis,
296 1029 339 1067 ne
354 1004 567 1068 Boeotarchae
587 1009 716 1069 urbibus
731 1004 962 1092 reciperentur.
1008 1000 1139 1069 Exsules

128 1092 282 1179 Thespias
298 1094 437 1154 universi
450 1090 689 1179 concesseruntt
718 1092 798 1155 inde
815 1097 951 1179 (recepti
965 1096 1058 1156 enim
1073 1094 1140 1155 linc

127 1182 333 1247 cunctatione
349 1180 455 1255 erant)
469 1180 614 1257 Thebas,
634 1181 699 1264 jam
712 1183 839 1243 mutatis
856 1183 985 1257 animis,
1001 1180 1142 1243 revocati

98 1266 102 1277 '
127 1270 299 1339 decretum¹
314 1262 453 1342 faciunt,
482 1283 515 1325 ut
537 1259 725 1344 duodecim,
754 1269 809 1351 qui
829 1266 945 1352 privati
961 1250 1091 1328 coetum'
1109 1284 1141 1329 et

127 1356 302 1418 concilium
316 1351 507 1428 habuissent,
526 1348 881 1416 exsiliomulctar'entur.
902 1350 1011 1416 Novus
1020 1354 1139 1435 deintle

152 1457 258 1503 raetor
270 1443 285 1517 (
296 1437 450 1500 ismenias
465 1435 492 1500 is
507 1442 602 1515 erat,'
613 1440 663 1501 vir
678 1439 795 1501 nobilis
815 1444 852 1500 ac
872 1440 1002 1524 potens)
1025 1460 1063 1502 ca
1086 1442 1138 1503 it'a-

128 1467 168 1591 lis
184 1546 308 1611 poenae
322 1519 465 1589 absentes
480 1544 533 1585 eos
548 1520 675 1587 decreto
691 1524 831 1587 damnat
854 1524 1042 1589 Chalcidem
1074 1528 1079 1537 ’
1111 1544 1138 1589 ει

129 1631 220 1677 rents
249 1610 329 1674 inde
351 1604 392 1671 ad
407 1612 572 1673 Romanos
587 1612 738 1673 Larissam
752 1612 904 1696 profecti,
926 1611 1053 1674 caulam
1067 1629 1138 1675 'cum

128 1698 240 1763 serleo
259 1699 413 1760 societatis
427 1700 470 1759 'in
492 1694 666 1759 Ismeniam
686 1701 897 1761 contulerant.
940 1700 1135 1761 Exeuntem

57 1836 60 1843 .
109 1789 218 1849 ‚tione
233 1803 337 1847 ortum
350 1802 523 1846 certamen.
568 1786 729 1867 utriusque
744 1802 860 1855 „tamen
874 1788 971 1869 partis
988 1782 1086 1869 legati
1096 1778 1134 1847 ad

128 1862 294 1936 Romanos
315 1887 496 1949 venerunt,
517 1886 549 1932 et
563 1870 683 1935 exsulet
699 1872 954 1958 accusatoresque
966 1874 1131 1947 Ismeniae,

129 1977 163 2025 et
180 1961 335 2023 Ismenias
349 1950 424 2043 ipse.
477 2018 487 2042 l
589 1970 592 1977 ’
871 1954 876 1965 “
1167 1952 1170 1957 ’

108 2188 112 2194 .
215 2128 324 2199 xttv.
341 2118 722 2197 caecatissimus
739 2122 800 2209 est,
831 2121 964 2193 aliarum
977 2122 1132 2195 civitatum
1159 2108 1166 2171 l

127 2218 310 2312 principes,
339 2219 375 2285 id
391 2210 476 2304 quius
494 2222 634 2301 maxime
649 2236 774 2303 grauun
795 2235 862 2279 erat
879 2218 1055 2294 Romanis,
1081 2214 1130 2278 suo
1159 2173 1173 2292 i'

128 2315 246 2396 quique
262 2311 394 2392 proprio
408 2305 536 2368 decreto
556 2292 659 2389 Persei
679 2306 858 2367 societatem
873 2300 1052 2388 aspernati,
1074 2306 1129 2365 Ro·
1157 2302 1173 2367 {i

127 2399 235 2459 manis
254 2395 286 2455 se
304 2395 535 2477 adjungebantt
567 2395 719 2454 Ismenias
739 2408 869 2475 gentem
889 2390 1081 2454 Boeotorum
1099 2384 1128 2450 io'
1157 2379 1173 2465 l.

127 2482 225 2545 fidem
232 2484 455 2542 Romanorum
466 2482 609 2563 permitti
623 2491 757 2562 aequtun
772 2468 928 2555 censebat·¹
946 2476 1026 2540 inde
1037 2492 1127 2555 certa
1156 2472 1173 2537 ¹:

128 2564 219 2631 mine
236 2584 324 2642 orto,
349 2558 410 2627 nist
425 2567 463 2626 in
483 2557 624 2627 tribunal
639 2568 814 2649 legatorum
827 2564 1029 2648 perfugisset,
1052 2556 1127 2625 haut
1158 2566 1173 2621 '3

127 2657 264 2718 multum
286 2651 404 2729 abfuit,
436 2652 516 2733 quin
536 2655 576 2712 ab
595 2650 751 2737 cultilibus
773 2650 1011 2734 fautoribusque
1026 2660 1148 2711 eorum.
1170 2670 1173 2709 :

126 2741 371 2805 interficeretur.
391 2739 521 2798 Thebae
537 2751 660 2821 quoque
677 2740 770 2823 ipsae,
786 2736 871 2822 quod
882 2738 1031 2817 Boeptiae
1046 2744 1128 2819 captis
1170 2758 1173 2795 :

109 2892 112 2897 ,
128 2829 189 2905 est,
211 2822 249 2899 in
262 2846 378 2908 magno
392 2827 527 2909 tumultu
543 2838 651 2902 erant,
674 2816 743 2888 aliis
761 2823 802 2885 ad
815 2828 924 2907 regem
937 2822 1128 2885 ‘trahentibus
1170 2826 1173 2877 ἑ

127 2917 305 2989 civitatem,
329 2912 396 2975 aliis
411 2910 452 2971 ad
466 2913 640 2973 Romanos.
686 2929 718 2972 et
731 2914 822 2973 turba
830 2913 1069 2972 Coronaeorum
1075 2910 1127 2969 lla

126 2994 366 3081 liertiorumqtte
381 3012 579 3059 convenerat
591 2996 632 3057 ad
648 2987 893 3058 defendendum
908 2996 1074 3057 decretum
1088 3004 1128 3053 're-

127 3090 196 3171 giae
212 3085 375 3147 societatis,
397 3082 453 3145 sed
469 3076 646 3145 constantia
659 3086 859 3167 principum,
876 3082 1063 3145 docentium
1076 3080 1127 3141 cla·
1169 3102 1173 3137 .-

125 3174 220 3235 dibus
242 3162 381 3255 Philippi
399 3160 634 3253 Antiochique,
664 3181 782 3253 quanta
804 3169 880 3231 esset
894 3170 941 3237 vis
962 3186 994 3228 et
1007 3168 1128 3229 sertum

126 3260 255 3341 imperii
263 3257 421 3333 Romani,
442 3259 524 3325 vieta
538 3256 649 3317 eadem
660 3246 846 3329 multitude,
862 3272 910 3332 et,
925 3257 1130 3329 attolleretur
1147 3269 1150 3278 ·

126 3346 214 3426 regia
227 3344 374 3421 societas,
391 3343 550 3421 decrevit,
573 3360 604 3405 et
617 3362 686 3418 eos,
704 3344 759 3425 qui
773 3359 915 3403 auctores
929 3330 1130 3425 paciscendae

107 3488 110 3495 .
126 3430 283 3491 amicitiae
305 3424 452 3505 fuerant,
485 3428 526 3491 ad
545 3420 802 3491 satisfaciendum
823 3429 933 3510 legatis
952 3418 1130 3488 Chalcidem

125 3514 225 3590 misit,
261 3510 397 3596 fideique
427 3517 601 3599 legatorum
623 3512 844 3597 commendari
864 3515 1023 3574 civitatem
1044 3505 1130 3597 jusfib

127 3602 300 3665 Thebanos
312 3602 450 3663 Marcius
468 3615 499 3663 'et
509 3592 624 3664 Atilios
638 3594 713 3662 laeti
727 3599 915 3675 audierunt,
932 3612 1133 3684 auctoresque
1155 3615 1166 3635 t

78 3700 81 3707 '
107 3708 156 3759 ,et
173 3688 227 3757 his
246 3686 419 3777 separatim
439 3686 567 3775 bnaufis
582 3687 715 3759 fuerunt
734 3686 776 3755 ad
791 3685 1015 3791 renqiandam
1030 3637 1167 3837 opius-s

772 3835 777 3845 ι
797 3840 801 3845 .

364 3912 388 3975 Α
