2354 4140
109 110 173 188 452
225 102 406 169 tisun
432 101 494 164 xc.
538 58 998 164 cn.·'xxt11.xxtv.xxv.

114 183 927 215 &mm-u*-

366 210 405 269 tJ.
423 210 460 268 C.
479 212 554 279 571.
640 206 717 262 ιθ.
733 205 772 265 N.
798 215 868 273 ¹81·

118 290 1132 314 ——ss—-u—-u--n--n——m

117 355 184 397 rum
210 350 376 414 quemquam
391 329 565 409 fracturum:
602 344 692 406 neque
711 345 773 385 eum
785 324 847 408 sese
865 326 936 410 esse,
973 327 1132 407 quialsius

117 425 203 502 impii
224 414 335 489 confisii
357 433 461 477 auctor
478 412 612 492 futurus
633 411 732 471 videri
761 411 861 494 poffit.
919 415 986 475 Hac
1015 415 1129 477 literae

21 492 25 509 ¹
74 530 78 537 ·
119 509 215 570 fidem
239 502 342 565 Persei
371 502 559 563 criminibus
588 496 746 559 fecerunt.
797 502 907 579 ltaque
932 501 1130 580 Herodorus,

122 593 281 675 extemplo
297 589 352 650 diu
367 586 583 661 excruciatus,
611 582 678 647 litte
700 584 825 647 indicio
838 585 885 647 rei
902 587 996 649 ullius
1015 589 1054 651 in
1070 594 1132 651 tor-¹

25 730 29 741 .
79 682 82 687 ’
120 680 239 743 mentis
256 676 402 740 moritur.
1106 662 1125 695 ⁴·

206 852 316 914 XXIV,
346 844 550 911 Demetrium
564 845 680 906 iterum
699 843 740 905 ad
754 862 876 927 patrem
892 846 1049 911 accusant
1065 852 1132 913 Per.

122 940 198 1004 seut.
221 939 294 1021 suga
308 959 368 1021 per
384 932 550 996 Paeoniam
574 949 754 1014 praeparata
776 937 980 1015 arguebatur,
1010 952 1046 999 et
1068 961 1133 1001 cor·

122 1026 211 1110 rupti
226 1023 374 1108 quidam,
393 1037 428 1081 ut
448 1021 576 1080 comites
596 1019 724 1079 itineris
747 1016 867 1095 esseut3
887 1022 1026 1086 maxime
1040 1022 1132 1087 salsae

124 1116 236 1176 literae
255 1113 294 1170 T.
312 1107 458 1188 Quinctii
472 1108 634 1189 urgebant.
661 1104 873 1167 nihiltamen
887 1111 992 1190 palam
1010 1113 1133 1194 gravius¹

43 1194 48 1207 '
105 1197 369 1284 ,pronuntiatum
391 1194 432 1256 de
458 1214 496 1253 eo
519 1191 580 1268 est,
608 1208 643 1252 ut
659 1191 733 1253 dolo
753 1196 858 1273 potius
876 1195 1132 1263 interficeretur:

126 1309 190 1350 nec
203 1285 239 1347 id
255 1303 332 1343 cura
352 1278 461 1363 ipsius,
487 1278 540 1340 sed
561 1300 605 1339 ne
628 1300 733 1361 poena
754 1280 819 1359 eius
841 1279 971 1343 consilia
986 1283 1134 1348 adversus

127 1376 290 1438 Romanos
310 1368 458 1430 nudaret.
502 1365 554 1427 Ab
570 1365 793 1429 Thessalonica
808 1364 1053 1433 Demetriadem
1074 1372 1133 1457 ipsi

128 1483 202 1523 curn
216 1460 277 1520 iter
293 1455 376 1524 esset,
390 1452 554 1514 Astraeum
563 1453 716 1514 Paeoniae
724 1453 928 1515 Demetrium
943 1459 1044 1519 mittit
1060 1484 1133 1533 cuna¹

128 1547 241 1608 eodem
253 1544 373 1606 comite
387 1540 500 1616 Dida„
522 1538 664 1601 Perseum
680 1540 920 1624 Amphipolim,
949 1545 991 1606 ad
1009 1545 1132 1610 obsides

116 1632 293 1695 ¹Thracum
308 1628 520 1711 accipiendos.
551 1627 746 1710 digredienti
764 1631 804 1688 ab
819 1627 848 1688 se
863 1629 966 1692 Didae
981 1634 1135 1702 mandata

130 1719 250 1787 dedisse
266 1717 382 1779 dicitur
407 1714 447 1776 de
469 1715 533 1774 lilio
555 1713 743 1777 occidendo.
786 1715 976 1779 Sacrificium
993 1722 1032 1779 ab
1043 1720 1131 1783 Dida

131 1808 184 1870 seu
208 1804 406 1879 institutum,
434 1799 486 1862 seu
512 1799 685 1862 simulatum
707 1799 759 1862 est.
801 1802 842 1863 ad
864 1803 948 1885 quod
970 1808 1130 1869 celebran·
1169 1842 1171 1849 ·

19 1952 25 1981 ι
132 1897 208 1955 dum
233 1892 387 1954 invitatus
402 1888 586 1951 Demetrius
613 1890 653 1949 ab
675 1882 804 1950 Astraeo
827 1890 1014 1965 Heracleam
1036 1897 1132 1959 venit.
1165 1876 1171 1942 s

98 1972 102 1981 ¹
130 1983 166 2044 in
180 2002 216 2042 ea
230 1999 331 2042 coena
344 1976 464 2038 dicitur
481 1995 641 2035 venenum
658 1974 776 2039 datum.
820 1979 934 2039 Poculo
948 1997 1062 2061 epoto,
1081 2004 1129 2045 η.

131 2070 252 2151 templo
270 2063 370 2127 sensit.
421 2078 453 2123 et
474 2082 548 2122 mox
570 2062 686 2123 coortis
706 2061 886 2140 doloribus,
920 2068 1039 2129 relicto
1058 2086 1129 2131 uon.

130 2155 232 2230 uitio,
260 2174 333 2214 cum
359 2152 397 2235 itt
418 2148 597 2210 cubiculum
618 2148 783 2230 recepisset
803 2148 888 2226 sese,
909 2153 1150 2226 crudelitatem·

50 2294 52 2299 .
131 2241 233 2326 patris
249 2256 465 2320 conquerens,
490 2235 699 2318 parricidium
718 2235 840 2313 fratris,
859 2258 897 2299 ac
912 2238 1022 2303 Didae
1038 2242 1127 2305 scelus

79 2332 81 2336 ’
130 2327 297 2401 incusant,
323 2324 536 2404 torquebatur.
584 2322 754 2383 intromissi
776 2324 896 2386 deinde
915 2326 1049 2407 Thyrsis
1066 2329 1139 2415 qui.
1163 2352 1171 2394 ι

131 2414 206 2494 dam
220 2415 408 2474 Stuberaeus
420 2425 451 2470 et
465 2412 638 2470 Beroeaeus
654 2410 856 2487 Alexander,
883 2413 1009 2493 injectis
1024 2414 1123 2499 tapeti-
1161 2442 1171 2481 t

132 2505 191 2563 bus
205 2499 242 2559 in
255 2513 348 2587 caput
359 2495 538 2577 faucesque,
559 2495 702 2576 spiritum
715 2497 974 2563 intercluserunt.
1020 2506 1068 2565 lta
1081 2504 1120 2565 itt·
1162 2508 1171 2567 i

133 2587 249 2647 noxius
266 2582 460 2655 adolescens,
483 2604 555 2642 cum
573 2584 610 2642 in
622 2605 660 2643 eo
676 2583 1000 2669 nefimpliciquidem
1014 2608 1122 2674 genera
1164 2617 1171 2653 ι

133 2673 245 2733 mortis
260 2669 407 2732 contenti
423 2669 548 2730 inimici
562 2667 710 2747 fuissent,
730 2671 930 2737 interficitur.
1009 2722 1012 2727 .

91 2914 93 2921 ,
219 2844 315 2905 XXV.
350 2842 438 2904 Dum
456 2842 537 2903 haec
550 2842 585 2903 in
597 2842 787 2905 Macedonia
800 2847 1015 2927 gerentum-'L
1030 2845 1126 2909 Aemi·
1169 2854 1171 2909 !

133 2933 194 2994 lius
210 2932 351 3005 Paullus,
376 2942 541 3012 prorogato
559 2951 600 2990 ex
621 2929 782 2993 consulatu
798 2932 951 3013 imperio,
977 2932 1127 3017 principit
1169 2964 1171 2972 ¹

133 3019 217 3084 reris
245 3019 282 3077 in
303 3017 432 3099 Ligures
452 3022 611 3099 Ingaunos
634 3019 811 3079 exercitum
830 3019 1028 3082 introduxit.
1073 3016 1126 3083 Ubi
1168 3016 1171 3023 ’

133 3108 272 3190 primum
288 3104 325 3164 in
341 3102 478 3165 hostium
494 3105 609 3165 linibus
628 3104 728 3166 castra
742 3103 862 3185 posuit,
891 3107 982 3189 legati
998 3108 1128 3183 adeum,

134 3215 193 3276 per
214 3190 350 3273 speeiem
373 3190 459 3273 pacis
480 3190 654 3273 petendae,
674 3192 868 3274 speculatum
890 3212 1062 3259 venerunt.
1081 3214 1139 3261 teu.

132 3294 229 3361 ganto
238 3280 353 3353 Paullo,
376 3275 527 3341 uilicum
543 3277 661 3339 deditis
675 3278 791 3362 pacisci
805 3276 836 3339 se
849 3300 970 3361 paoem,
990 3304 1059 3344 non
1073 3300 1130 3347 tun

132 3364 167 3425 id
183 3364 387 3440 recusabant,
412 3386 504 3446 qua·
527 3380 671 3444 tempore
691 3386 769 3447 opus
792 3364 857 3425 esse
873 3369 1020 3447 aiebant,
1040 3386 1131 3453 utga-

131 3453 205 3514 neri
219 3448 326 3533 agresti
341 3450 777 3533 hominumpersuaderetur.
813 3452 853 3515 ad
869 3454 931 3516 hoc
946 3454 1058 3519 decem
1072 3456 1133 3519 die·

66 3610 69 3617 ¹
130 3560 203 3600 rum
219 3536 367 3597 induciae
387 3559 459 3598 cum
474 3538 637 3613 darentur,
656 3540 822 3619 petierunt
835 3538 974 3618 deinde,
1002 3564 1037 3605 ae
1054 3562 1130 3605 arms

127 3643 237 3688 montes
252 3628 406 3705 proximos
420 3623 518 3702 castris
531 3624 695 3705 pabulatum
710 3624 910 3711 signatumque
923 3630 1033 3691 milites
1046 3638 1133 3697 irent.

128 3712 208 3774 culta
220 3730 253 3773 ea
266 3707 459 3794 locasuorum
469 3707 575 3791 finiunt
591 3711 654 3795 esse.
698 3712 736 3776 ld
753 3712 1057 3797 ubi-impetravere,
1070 3714 1135 3802 post
1166 3748 1171 3785 ¹.

1081 3822 1133 3867 eos
