2354 4140
88 115 153 190 40ss
202 68 383 173 utitur.
403 105 541 169 xxxix.
585 107 674 173 cn.
701 104 828 167 xxxii.
849 106 996 166 xxxin.

97 281 1109 315 *nm-*men*

98 338 145 399 sul
160 335 226 396 sine
241 326 406 396 lictoribus
422 356 494 396 cum
514 333 611 396 fratre
628 347 694 391 toto
710 330 782 404 soro
800 333 978 400 volitando,
1002 326 1111 392 clami-

82 428 241 509 'ta'utibus
265 421 452 483 adversariis
473 436 506 483 et
532 421 652 499 majore
672 436 760 501 parte
790 419 930 494 senatus,
959 419 1112 498 meminiffe

104 510 285 574 tondehere
301 498 412 589 istius,
438 505 627 591 srcoosusem
642 503 749 588 populi
768 505 911 578 Romani,
941 525 1027 585 quom
1037 503 1113 584 fra·

105 615 181 658 trem
204 597 237 656 Ρ.
265 595 401 671 Claudii,
429 593 507 677 effe:
548 598 621 675 quin
650 591 717 664 ille,
747 591 850 673 sedem
872 613 931 672 pro
955 593 1114 668 tribunali,

101 682 335 763 „rotariorum
365 701 418 745 eut
434 687 552 743 tacitum
561 679 758 761 spectatorem
779 683 960 740 cortinorum
977 685 1009 757 se
1029 700 1115 759 prae-

107 779 210 840 botru
242 771 384 831 coerceri
404 784 511 826 tamen
527 771 566 824 ab
582 763 678 825 effuso
694 764 794 827 studio
810 765 944 846 nequiit.
990 768 1116 847 Magnis

111 856 376 919 contentionibus
393 855 593 914 tribunorum
613 874 735 933 quoque
751 854 876 933 plebei,
906 853 958 932 qui
974 870 1028 914 aut
1042 874 1117 914 con·

111 962 161 1005 tra
177 944 356 1018 consulem,
383 959 436 1000 eut
459 962 516 1024 pro
541 939 639 1000 studio
662 942 727 1018 ejus
752 942 956 1021 pugnabant,
987 942 1118 1022 comitio

111 1032 277 1114 aliquoties
293 1031 435 1090 turltaia:
469 1027 576 1086 donec
593 1026 728 1109 pervicit
745 1028 885 1106 Appius,
913 1044 964 1103 ut,
993 1028 1120 1106 deiecto

112 1120 229 1195 Fabio,
252 1117 383 1178 fratrem
409 1113 561 1175 traheret.
609 1114 737 1173 (reatus
760 1117 791 1172 Ρ.
815 1112 960 1174 Claudius
985 1109 1120 1176 Pulcher

112 1225 240 1289 praeter
256 1204 339 1289 spem
354 1200 437 1263 suem
451 1219 483 1262 et
499 1217 690 1262 ceterorum.
732 1199 942 1260 locumsuum
966 1203 1072 1260 tenuit
1091 1205 1121 1264 L.

114 1293 244 1353 Porcius
269 1290 411 1363 licinus,
447 1287 518 1369 quia
541 1285 710 1347 moderaris
733 1286 858 1360 studiis,
894 1307 960 1346 non
978 1290 1010 1348 vi
1027 1289 1123 1351 Cleu-

116 1378 223 1453 diana,
245 1376 332 1436 inter
347 1376 486 1456 plebeios
499 1373 727 1443 certatumest.
772 1377 956 1435 Praetorum
972 1374 1053 1439 inde
1073 1398 1124 1438 co·

117 1466 206 1526 mitia
227 1462 296 1525 suut
315 1462 432 1524 habita.
479 1465 510 1522 C.
527 1461 692 1524 Decimius
706 1462 837 1535 Flavus,
867 1465 896 1522 P.
920 1463 1125 1547 Sempronius

117 1557 258 1631 Longus,
283 1554 313 1611 P.
332 1549 498 1611 Cornelius
518 1548 694 1629 Cethegus,
724 1551 764 1623 Q.
780 1548 917 1611 Naevius
934 1552 1063 1622 Matho,
1087 1551 1124 1611 C.

118 1637 320 1731 Sempronius
336 1637 468 1713 Blaesus,
490 1635 529 1696 A.
546 1632 715 1698 Terentius
730 1639 843 1711 Varro,
865 1655 1026 1712 praetores
1041 1637 1126 1700 fecti.

120 1728 206 1787 Haeo
225 1738 263 1784 eo
277 1744 381 1800 anuo,
412 1744 473 1805 quo
496 1724 557 1801 Ap.
576 1720 745 1799 Claudius,
764 1726 807 1788 M:
825 1722 1032 1810 Sempronius
1052 1746 1125 1786 con·

118 1813 198 1876 soles
215 1811 365 1887 suerunt,
394 1810 479 1872 domi
497 1809 692 1895 militiaeque
714 1807 804 1894 gesta.
912 1803 924 1862 ‚¹
1148 1828 1151 1833 ’

202 1984 344 2045 xxxul.
391 1982 554 2065 Principio
580 1979 774 2061 insequentis
804 1983 884 2045 anni
907 1985 937 2044 P.
969 1983 1126 2057 Claudius,

123 2071 155 2130 L.
173 2067 476 2142 eorumeorurn,
504 2086 575 2130 eum
600 2071 637 2144 Q.
656 2068 831 2145 Caecilius,
862 2073 902 2130 Μ.
918 2075 1070 2146 Baebius,
1095 2087 1127 2130 et

39 2206 42 2211 ι
124 2159 175 2218 Ti.
196 2157 412 2238 Sempronius,
440 2150 494 2237 qui
513 2153 553 2214 ed
577 2153 818 2237 disceptandum
841 2157 928 2219 inter
945 2160 1125 2242 Philippum

123 2261 156 2306 et
164 2244 341 2324 Eumenem
357 2262 447 2325 reges
463 2240 740 2322 Thessalorumque
758 2242 900 2306 civitatee
921 2243 1002 2309 miili
1027 2261 1131 2329 erent¹

28 2328 31 2335 ⁴
123 2332 311 2414 legationem
328 2325 576 2401 renuntiassent,
608 2348 717 2412 regum
740 2350 863 2412 quoque
887 2354 998 2412 eorum
1021 2335 1130 2399 civite·
1154 2350 1157 2357 ·

125 2435 257 2499 tumque
273 2421 389 2501 legatos
405 2415 592 2499 infestatum
609 2414 869 2482 introduxerunt.
898 2419 1017 2481 Eadem
1028 2426 1130 2487 utrin.

126 2526 188 2585 que
209 2506 344 2576 iterata,
373 2502 452 2584 quae
469 2499 552 2562 dicto
569 2501 653 2584 apud
673 2498 852 2586 legatosin.
867 2495 1004 2571 Graecia
1026 2505 1134 2573 erant.

126 2592 235 2654 Aliam
252 2589 372 2651 deinde
390 2591 399 2647 l
420 2588 576 2674 gerionem
592 2611 707 2672 orosam
725 2593 847 2667 Patres,
876 2596 962 2674 cujus
977 2598 1131 2680 princeps

127 2677 190 2758 Ap.
200 2677 349 2737 Claudius
364 2610 434 2751 soii,
451 2677 486 2736 in
496 2677 719 2739 Macedoniam
738 2693 772 2737 et
789 2679 824 2737 in
836 2681 1005 2742 Graeciam
1023 2686 1132 2747 decre.

128 2781 244 2826 rerunt
258 2763 299 2824 ad
314 2761 492 2838 visendum,
505 2763 698 2824 redditaene.
710 2763 852 2827 civitates
862 2768 1013 2831 Thessalis
1023 2788 1054 2832 et
1064 2777 1134 2836 Por·

128 2848 255 2912 thaebis
271 2846 382 2912 essent..
424 2850 536 2913 lisdem
552 2847 748 2924 mandatum,
771 2869 806 2912 ut
821 2856 860 2912 ab
875 2855 969 2925 Aeno
983 2874 1015 2917 et
1031 2862 1134 2922 biarc-

94 2983 97 2998 .
129 2937 356 3023 neeproesidia
366 2937 616 3009 deducerentur,
626 2937 846 3022 maritimaque
862 2946 1136 3012 omnisThreciee

129 3046 185 3087 ore
198 3046 218 3087 a
235 3026 380 3109 Philippo
397 3042 428 3085 et
445 3023 673 3095 Macedonibus
695 3017 893 3092 liberaretur.
938 3033 1138 3119 Peloponue-

130 3112 194 3173 sum
220 3110 344 3195 quoque
369 3110 458 3173 adire
478 3108 565 3191 jussi,
603 3109 690 3175 unde
710 3112 800 3192 prior
820 3116 932 3198 legatio
955 3118 1140 3186 discesserat

129 3199 304 3263 incertiore
318 3199 400 3259 statu.
412 3220 537 3273 rerum,
559 3218 651 3278 quem
668 3195 775 3261 sinon
789 3203 955 3269 venissent.
999 3228 1075 3269 narn
1092 3208 1138 3269 su:

89 3360 93 3369 Ι
130 3289 194 3370 per
203 3304 309 3350 cetera
323 3287 419 3346 etiam
436 3283 503 3346 line
517 3282 666 3367 responso
682 3283 807 3363 dimissi,
828 3293 1006 3357 neodatum
1025 3300 1141 3380 peren.

130 3374 214 3439 tibus
230 3391 299 3435 eret
313 3370 525 3441 Achaeorum,
541 3371 724 3434 concilium.
768 3374 823 3437 De
843 3400 903 3461 que
924 3385 964 3444 re'
980 3399 1142 3464 querente

129 3452 266 3542 graviter
284 3463 321 3538 Q.
331 3459 484 3533 Caecilio,
499 3454 587 3517 simul
605 3459 861 3524 Lacedaemoniis
879 3453 1140 3552 deplorantibus,

129 3549 258 3611 moenie
271 3547 395 3621 diruta,
416 3542 580 3607 abductam
597 3548 721 3630 plebem
738 3548 775 3608 in
793 3548 944 3643 Aciiejem
962 3572 994 3619 et
1012 3574 1142 3619 venun.

129 3634 253 3710 datam,
283 3634 442 3709 ademtae,
471 3632 584 3711 quibus
603 3633 644 3693 arl
666 3654 733 3695 erm
755 3634 847 3709 diem¹
861 3641 970 3708 civitas
991 3634 1141 3721 stetisset,

131 3721 270 3806 Lycurgi
292 3723 397 3806 leges,
423 3719 548 3784 Achaei
570 3721 708 3784 maxime
730 3723 861 3788 concilii
881 3733 989 3815 negati
1012 3732 1145 3799 crimen

1043 3838 1142 3885 OXW·
