2354 4140
164 102 377 179 satana·
392 70 456 179 tn.
501 111 588 174 cn.
604 104 747 175 'xxxvt
770 108 924 175 xxxvn.
1007 113 1074 192 463

251 242 254 247 ·
315 222 354 281 U.
374 224 407 283 C.
425 224 499 299 572.
587 221 662 277 aC.
684 220 722 278 N.
743 228 814 285 180.

54 353 211 403 terentur
227 344 370 400 Romam.
409 339 460 401 De
474 341 525 401 ri.
543 340 724 421 uempronii
739 338 858 401 deinde
879 342 1022 401 exercitu
1043 360 1071 402 a·

54 446 148 489 ctum
163 424 219 487 est.
244 445 358 489 noram
374 424 533 511 legionem
547 428 579 487 ei
593 429 736 508 quinque
751 424 887 485 millium
904 443 936 488 et
952 428 1071 489 dracen-

54 530 165 593 torum
194 512 340 596 peditum
376 534 450 575 cum
479 514 636 595 equitibus
661 512 903 595 quadringentis
927 513 1071 577 consules

55 601 202 675 seribere
217 596 305 681 jussi;
330 608 363 661 et
377 601 465 663 mille
481 616 647 681 praeterea
663 599 805 683 peditum
821 600 937 659 civium
955 605 1070 662 Roma·

55 705 190 763 norum,
208 684 438 770 quinquaginta
450 686 587 769 equites:
606 704 637 749 et
652 685 743 747 sociis
765 708 784 746 e
804 686 938 746 nomine
956 688 1071 750 Latino

56 776 221 859 imperare
236 772 354 856 septem
372 774 474 835 millia
485 773 649 857 peditum,
677 786 838 834 trecentos
853 775 983 854 equites.
998 797 1071 836 cum

60 862 125 927 hou
138 862 285 923 exercitu
299 858 421 941 placuit
433 860 481 921 ire
498 860 535 921 in
542 861 725 942 Hispaniam
740 860 920 921 citeriorem
930 861 979 923 Ti.
988 862 1071 927 Sem·

54 948 226 1037 'preni'utm
269 944 309 1027 Q.
326 948 436 1010 Fulvio
449 946 656 1031 permissum,
683 962 735 1019 ur,
764 946 820 1030 qui
841 945 977 1025 milites,
997 968 1072 1011 aitte

43 1038 114 1121 Sp.
135 1032 345 1111 Postumium,
377 1037 416 1115 Q.
447 1034 602 1097 Marcium
634 1033 796 1110 consuler,
827 1034 910 1097 eires
931 1038 1071 1097 Romani

60 1122 194 1201 sociive,
214 1121 250 1181 in
264 1122 450 1205 Hispaniam
470 1120 677 1206 transportati
700 1119 820 1196 esseut,
848 1140 880 1181 et
894 1140 1071 1205 praeterea,

35 1274 40 1283 ,
60 1204 285 1295 supplemento
308 1208 465 1285 adducto,
484 1226 560 1292 quot
581 1206 717 1288 amptius
738 1207 859 1269 duabue
879 1211 1070 1293 legionibus,

63 1308 156 1383 'qnam
178 1294 290 1359 decem
312 1296 431 1373 millia,
456 1312 493 1357 et
513 1294 743 1378 quadringenti
766 1298 904 1376 pedites,
931 1296 1072 1360 sexcenti

66 1386 186 1471 equites
201 1382 321 1461 essent}
352 1401 385 1446 et
400 1382 520 1443 socium
535 1384 637 1443 Latini
658 1383 800 1443 nominis
815 1384 982 1445 duodecim
1005 1383 1074 1451 mil·

24 1480 28 1485 '
65 1474 124 1551 lie,
144 1470 290 1533 sexcenti
304 1466 442 1553 equitet,
465 1488 601 1553 quorum
619 1464 695 1531 sorti
713 1488 814 1552 opera
829 1470 948 1533 duobus
963 1472 1073 1534 adrer-

62 1558 302 1625 lur'Cetrttreror
322 1558 452 1641 proeliis
472 1554 542 1619 usur
558 1560 596 1635 Q.
616 1556 740 1618 Fulvius
763 1555 860 1633 esset,
887 1579 957 1633 eos,
986 1558 1009 1619 sa
1030 1562 1073 1622 ri-

63 1646 216 1723 deretur,
236 1644 341 1707 secum
357 1642 551 1728 deportaret.
597 1642 639 1704 Et
654 1640 901 1724 supplicationes
917 1645 1076 1723 decretae,

62 1732 192 1819 quodie
207 1730 358 1815 prospere
380 1733 609 1813 rempublicam
630 1729 777 1814 gessislet:
808 1747 840 1791 et
863 1733 964 1793 ceteri
984 1752 1074 1816 prae·

20 1814 23 1829 ¹
51 1820 205 1891 ‚toreain
218 1819 398 1903 provincias
414 1815 505 1879 missi.
549 1820 588 1895 Q.
606 1818 703 1879 Fabio
717 1818 854 1879 Buteoni
869 1835 1075 1901 prorogatum

65 1908 113 1971 'm
122 1903 230 1985 Gallie
243 1906 413 1988 imperium
434 1902 488 1967 est.
533 1907 614 1967 Ooto
627 1906 787 1988 legionet,
810 1923 937 1988 praeter
954 1912 1075 1969 exerci-

68 2000 307 2067 tum'vetelem,
337 1992 393 2077 qui
406 1991 444 2053 in
457 1992 490 2052 Li
513 1991 622 2053 uribue
638 1991 677 2051 in
696 1992 750 2075 spe
764 1993 947 2074 propinqua
963 1992 1075 2055 missio.

23 2084 30 2101 ”
64 2080 122 2145 ni!
142 2096 262 2157 arants
281 2101 322 2141 eo
343 2100 431 2143 anno
460 2008 522 2140 esse
549 2078 676 2161 placuit.
726 2080 803 2141 etia
827 2080 892 2160 ipe
914 2079 1075 2142 exercitur

62 2168 364 2253 aegre-explebatur
379 2180 513 2250 propter
528 2163 757 2246 pestilentiam,
778 2169 930 2248 quaejam
944 2168 1073 2229 tertium

63 2272 191 2319 mum
208 2256 320 2315 urbem
335 2254 514 2317 Romanam
537 2269 632 2335 atque
648 2253 770 2313 ltaliam
785 2252 931 2315 restabat.

68 2442 74 2455 '
144 2426 301 2491 mvii.
345 2427 474 2488 Praetor
486 2422 538 2488 Ti.
554 2422 735 2503 Minucius,
765 2424 896 2490 ethaud
916 2424 959 2489 ita
975 2430 1075 2490 multu

10 2508 12 2513 ¹
63 2512 137 2603 post
155 2514 328 2597 consul-C.
353 2513 548 2598 Calpurnius
568 2516 723 2590 moritur,
759 2516 915 2599 multique
936 2518 991 2577 alii
1009 2536 1075 2577 otn-

35 2634 39 2641 ’
64 2604 160 2671 nium
182 2602 333 2664 ordinum
353 2598 487 2661 illustres
502 2601 580 2664 riri:
614 2599 773 2683 postremo
787 2602 925 2686 prodigii
947 2604 1017 2665 loco
1038 2618 1076 2681 ea

10 2682 12 2689 ¹
65 2686 303 2755 olrdeababrri
320 2686 499 2769 coepteest.
542 2691 575 2751 C.
595 2688 906 2772 Serviliuapontisex
921 2691 1076 2751 maximus

64 2774 280 2925 pitonia'ir'ae
301 2776 410 2837 Derim
427 2776 621 2857 conquirere
642 2771 753 2854 jussus,
781 2776 955 2838 decemviri
975 2780 1074 2839 libros

10 2937 18 2945 ,
82 2854 248 2949 respicere,
275 2861 382 2925 consul
397 2860 562 2945 Apollini,
582 2860 786 2946 Aesculapio,
809 2864 908 2925 Saluti
924 2861 1010 2924 dona
1024 2886 1076 2924 ro·

68 2962 165 3029 vera,-
183 2967 218 3013 et
230 2949 307 3011 dare
320 2947 407 3031 signa
422 2954 583 3023 inaureta;
611 2970 691 3033 quae
708 2951 794 3011 vovit
805 2950 969 3032 deditque.
1010 2949 1076 3011 De·

67 3036 207 3123 peqi'eiri
225 3034 485 3121 supplicationem
505 3037 542 3097 in
563 3036 695 3098 biduum
717 3037 909 3099 valetudinis
932 3035 1020 3097 causa
1039 3034 1077 3097 itt

35 3144 45 3203 j
64 3124 268 3205 ψώραν
276 3124 385 3185 omnia
401 3122 472 3184 sore
487 3120 758 3206 conciliabulaque
768 3126 957 3187 edixerunt:
980 3124 1077 3206 meju-

67 3209 297 3277 reeduodertm
313 3211 420 3286 annis,
441 3212 708 3273 omneacoronati
725 3228 757 3272 et
771 3215 910 3273 lauream
926 3210 964 3270 in
980 3228 1077 3272 manu

65 3302 237 3375 mter,
262 3296 529 3381 supplicaverunt.
574 3296 704 3356 Fraudir
720 3316 844 3382 quoque
860 3298 1016 3359 humanae
1029 3300 1078 3359 in·

59 3382 251 3471 ,naqarmr
268 3382 399 3467 sulpicio
415 3385 549 3458 auimir3
575 3400 607 3445 et
618 3382 769 3446 ueneficii
783 3384 924 3469 quaestio
937 3407 979 3447 er
993 3383 1078 3449 sene·

71 3472 285 3553 mpohsrdto,
318 3468 402 3553 quod
431 3469 468 3531 in
497 3474 597 3543 urbe,
639 3471 945 3551 propimre'urbem
966 3473 1079 3533 decem

29 3552 33 3559 ’
69 3542 210 3625 mimae
230 3556 370 3642 passuum
386 3551 460 3617 esset
473 3552 688 3629 commissum,
711 3560 746 3619 G.
769 3559 905 3621 Claudio
927 3560 1078 3640 praetori,

67 3632 185 3729 qnia
204 3648 312 3711 rorum
328 3645 379 3705 n.
395 3644 534 3705 ninam
553 3654 621 3705 aar
637 3638 800 3723 tuumne,
820 3646 904 3708 utor
919 3645 1079 3707 decimum

64 3732 285 3819 mamper
306 3730 374 3795 fore
392 3730 665 3813 conciliabulaque
680 3732 715 3793 C.
732 3728 872 3811 Maenio,
894 3734 1080 3816 priusquam

73 3834 76 3839 '
121 3843 127 3863 t
280 3828 283 3834 '
741 3828 744 3833 '
1041 3817 1080 3868 ἱιὶ
