2354 4140
344 239 383 296 U.
402 238 437 296 C.
459 238 553 307 562⁰
637 238 669 297 a!
682 240 717 298 C.
734 237 779 297 N.
803 257 874 318 190.

512 318 779 338 *-

105 357 160 437 qui
181 357 214 412 in
234 355 307 416 urbe
336 376 477 419 maneum.
543 361 671 418 omniun
689 353 856 439 Jaffltfim
885 378 971 421 aaa
999 376 1128 429 nentem¹

108 436 179 519 effe.
201 459 236 501 ut
250 443 428 523 seruitutem
442 447 555 528 regiam
574 442 753 529 effugerent.
796 444 936 524 Rhodii,
956 446 1037 507 moti
1051 448 1126 528 pre·¹

108 528 216 603 cibus,
245 529 393 590 Eumene
418 530 514 596 etiam
534 551 608 615 rege
625 530 775 606 assumto,
796 530 886 592 simul
908 533 977 594 [uas
990 529 1125 594 neoeffi-

109 611 239 674 tudines
254 615 553 695 commemorando,
585 616 674 677 simul
700 616 839 693 obsessae
858 622 946 704 regio
966 617 1126 703 praesidio

108 703 198 759 urbis
222 701 327 763 casum
348 702 548 779 miserando,
575 706 800 787 pervicerunt,
828 722 864 765 ut
885 707 1140 790 oppugnatione·

109 785 318 850 ablrsteretnr.
361 790 498 853 Profecti
518 789 614 867 inde,
642 784 760 876 paca'tis
779 792 910 869 ceteris,
937 816 1013 853 cum
1033 812 1127 855 oram

110 870 201 933 Afiae
223 877 383 959 legerent,
416 881 555 959 Loryma
576 880 706 963 (portus
722 876 870 967 adversus
883 878 1040 941 Rhodum
1051 878 1128 954 est)

108 980 341 1042 pervenerunt.
388 966 435 1024 Ibi
459 966 496 1024 in
511 965 678 1048 principiis
691 964 795 1027 sermo
807 968 914 1049 primo
927 968 1016 1029 inter
1026 966 1123 1028 tribu·

110 1067 173 1107 nos
194 1052 332 1111 militum
352 1049 487 1127 secretus
504 1051 624 1128 oritur,
648 1050 773 1124 ¹deinde
787 1052 834 1113 ad·
845 1046 936 1116 aures
952 1049 1121 1134 ipsiutAe·

110 1135 193 1195 milii
210 1139 373 1218 pertenit,
403 1136 519 1221 abduci
534 1138 661 1198 classem
675 1142 716 1200 ab
728 1138 873 1222 Epheso,
896 1144 939 1211 ab
950 1139 1007 1201 suo
1020 1138 1121 1199 bello:

110 1237 147 1281 ut
163 1224 202 1279 ab
224 1236 311 1306 tergo
327 1224 410 1283 liber
425 1224 552 1284 relictus
575 1224 670 1287 hostis
690 1228 730 1287 in
746 1241 792 1286 tot
815 1230 1013 1312 propinquas
1029 1224 1125 1299 socio·

111 1328 186 1367 rum
203 1310 298 1369 urbes
328 1311 440 1371 omnia
464 1310 603 1392 impune¹
623 1311 738 1373 conari
758 1312 868 1395 posset.
933 1316 1068 1375 Movere
1089 1324 1128 1373 ει

112 1392 304 1456 Aemilium:
336 1414 523 1479 uocatosque
547 1397 693 1461 Rhodios
716 1421 789 1459 cum
809 1404 1014 1484 percontatus
1037 1397 1141 1473 esset,-

111 1497 299 1542 utrumnam
316 1485 431 1545 Pataris
452 1482 602 1545 univorsa
621 1482 720 1547 classis
742 1487 780 1545 in
801 1502 896 1570 portu
918 1486 999 1547 stare
1014 1484 1127 1569 posset,

81 1634 85 1641 ,
111 1587 185 1626 cum
201 1567 455 1652 respondissent,
486 1592 558 1630 non
572 1572 680 1654 posse·⁸
708 1571 832 1635 causam
848 1590 961 1636 nactus
975 1573 1138 1635 amitten·-

112 1651 174 1717 dae
186 1657 252 1734 rei,
274 1658 403 1743 Samum
417 1655 668 1742 redanimatus·

186 1832 319 1897 ,XVIIL
342 1834 401 1895 Per
416 1833 502 1895 idem
518 1849 643 1914 tempus
664 1762 829 1908 Seleucui,
855 1829 1013 1917 Antiophi
1033 1828 1126 1906 filius,
1152 1808 1160 1833 i

96 1937 186 1981 -cum
200 1942 261 2004 per
277 1942 374 1983 omne
387 1922 600 1984 hibernorum
615 1934 740 2000 tempus
755 1920 931 1981 exercitum
942 1914 980 1980 in
989 1914 1128 1979 Aeolide

112 2008 335 2086 continuisset,
361 2009 478 2092 partim
491 2006 581 2067 sociis
600 2002 740 2065 ferendo
751 2026 860 2089 opem,
889 2006 1029 2089 partim,
1047 2021 1127 2086 quot

43 2158 50 2174 ἱ
109 2095 150 2154 in
164 2095 345 2157 societatem
358 2098 515 2179 perlicere
529 2081 602 2152 n‘on
615 2108 750 2174 poterat,
765 2090 1011 2177 depopulandis,
1026 2096 1139 2151 trano

96 2183 161 2256 ¹ire
175 2185 213 2246 in
226 2180 307 2246 sines
325 2184 415 2265 regni
431 2181 586 2241 Eumenis
593 2180 610 2253 ,¹
621 2176 703 2237 'dum
720 2179 746 2239 is
761 2180 872 2262 'procul
889 2182 930 2240 ab
937 2178 1041 2239 domo
1055 2196 1130 2237 cum

81 2284 86 2345 j
111 2262 270 2330 Romanis
283 2286 313 2329 et
327 2268 460 2329 Rhodiis
477 2267 591 2329 chiae
604 2265 764 2326 maritima
779 2264 996 2413 oppugnaret,
1012 2264 1137 2333 statuite

54 2346 59 2359 ⁵
90 2353 167 2416 ·Ad
181 2357 312 2416 Elaeam
327 2356 432 2437 primo
448 2334 571 2414 infestis
588 2349 682 2432 signis
699 2351 837 2413 accessit:
854 2356 859 2363 '
885 2351 1000 2441 einde,
1016 2346 1129 2413 omiffir

109 2444 353 2526 oppugnatione
380 2441 485 2514 urbis,
531 2457 620 2520 agros
641 2434 798 2500 hostiliter
818 2440 1060 2525 depopulatus,
1087 2432 1130 2497 ad

37 2550 49 2573 ⁷
111 2545 206 2610 caput
227 2540 396 2609 arcemque
425 2526 520 2608 regni
534 2527 726 2607 ,Pergamum
748 2524 836 2599 ducit
864 2522 1136 2611 oppugnandum·'

109 2612 235 2676 Attalus
248 2615 353 2696 primo
362 2658 381 2689 „
394 2608 580 2674 stationibus
594 2626 670 2671 ante
690 2615 804 2673 urbem
816 2611 940 2697 politis,
960 2628 995 2672 et
1018 2630 1128 2672 excur-

110 2700 252 2762 sionibus
274 2699 414 2783 equitum
431 2698 579 2780 »levisque
591 2708 798 2776 'armaturae,
829 2701 928 2784 magis
949 2696 1129 2771 lacessebat,

109 2810 188 2871 qum
215 2785 406 2863 sustinebat,
433 2768 564 2871 bostem.
630 2783 805 2867 postremo,
840 2808 931 2862 cum,
964 2805 1025 2870 per
1044 2783 1129 2847 leuia

110 2877 290 2936 certamina
316 2889 481 2956 expertus,
499 2871 600 2931 'nulla
620 2887 711 2953 parte
735 2874 853 2935 virium
874 2872 907 2933 se
922 2892 1034 2954 parem
1053 2868 1129 2945 esse,

19 3008 21 3013 -
108 2960 199 3023 intra
213 2962 344 3023 moenia
363 2954 393 3020 se
407 2958 591 3043 recepisset,
615 2956 750 3020 obsideri
766 2963 842 3021 urbs
859 2974 971 3042 mepta
983 2956 1039 3019 est.
1068 2957 1129 3018 Eo·

111 3046 189 3111 dem
204 3048 307 3111 ferme
325 3065 468 3131 tempore
484 3062 515 3106 et
530 3042 724 3123 Antiochus,
746 3049 786 3107 ab
797 3045 941 3131 ,Apamea
955 3040 1141 3129 profectum

113 3134 264 3198 Sardibus
286 3136 444 3219 primum,
480 3129 602 3194 deinde
623 3130 711 3192 haud
731 3134 843 3215 procul
857 3132 989 3197 ,Seleuci
1002 3128 1129 3205 cestrie,

109 3222 153 3284 ad
170 3239 264 3307 caput
281 3223 367 3283 Caici
379 3221 483 3282 amnis
500 3218 610 3280 stativa
623 3217 750 3297 habuit,
766 3241 840 3280 cum
854 3239 970 3303 magno
987 3217 1131 3279 exercitu

110 3312 213 3373 mixto
236 3309 330 3371 variis
354 3306 572 3390 exgentibus.
618 3304 793 3375 Plurimum
813 3306 946 3368 terroris
966 3306 1005 3367 in
1021 3302 1131 3373 Gallo·

109 3419 184 3458 rum
207 3394 357 3457 mercede
376 3393 542 3455 conductis
558 3406 692 3473 quatuor
703 3394 844 3455 millibus
859 3402 946 3454 orat.¹
958 3392 1035 3471 bos,
1053 3408 1130 3473 pau·

33 3532 36 3539 .
85 3528 90 3537 ,
110 3485 156 3547 cis
165 3476 324 3557 admixtis,
338 3480 380 3540 ad
388 3475 637 3563 pervastandum
651 3477 762 3560 passim
772 3480 1002 3563 Pergamenum
1018 3495 1139 3561 agrum,

109 3571 202 3634 milit.
249 3573 339 3649 Quae
353 3564 518 3650 postquam
532 3566 661 3627 Samum
674 3563 748 3625 sunt
769 3568 933 3643 nuntiata,
954 3561 1132 3651 primoEu·

105 3679 239 3734 menes,
260 3669 407 3717 avocatus
424 3650 594 3713 domestico
611 3651 714 3729 bello,
733 3673 808 3713 cum
824 3652 917 3714 classe
930 3652 1064 3713 Elaeam
1075 3668 1131 3731 pc·

92 3748 151 3810 tit:
171 3743 275 3825 inde,
298 3764 383 3810 cum.
388 3737 516 3832 praesto
533 3734 669 3833 luissent
681 3741 802 3827 equitet
813 3739 1024 3826 peditumque
1036 3754 1131 3885 expe

513 3868 516 3873 .
537 3876 545 3889 ,
889 3878 892 3883 ,
983 3884 990 3893 .
1015 3858 1022 3876 ,
1098 3837 1142 3889 n,
