2354 4140
10 914 13 923 ,
51 848 291 939 'Thessalonica

316 104 474 167 traua
496 104 558 166 xt.
603 106 688 167 cn.
714 110 824 172 mv.
1019 114 1087 191 433

35 270 38 275 ,
66 182 718 287 *πῖ-’ΤΟ
738 214 777 273 N.
795 222 865 283 182.

683 296 1084 318 Ἣ

61 326 119 389 sed
134 328 301 391 custodum
316 332 412 391 etiam
424 322 570 405 libidini,
592 348 675 407 rata,
705 331 746 391 ad
767 356 837 393 rem
855 352 996 397 atrocem
1012 338 1081 399 ani-

61 438 155 477 mum
178 415 314 499 adjecit·,
347 416 480 497 ausaque
504 418 547 476 est
570 416 694 495 dicere,
728 417 760 478 se
781 420 835 479 sna
853 442 952 481 manu
975 425 1082 507 potius

61 524 179 571 omnes
194 501 454 580 interfecturam,
475 526 570 584 quam
585 506 623 563 in
639 504 823 586 potestatem
837 509 975 591 Philippi
989 512 1080 585 vetti·-

60 606 146 652 rent.
192 590 297 673 Por-iS,
327 590 526 649 abominatus
543 593 750 651 mentionem.
765 609 830 651 tam
850 591 937 656 foedi
957 593 1080 657 facino·

61 679 122 754 ria,
154 672 301 737 Athenas
324 675 564 757 deportaturum
588 698 640 761 ¹teos
661 676 704 737 ad
725 677 802 738 lidos
824 678 959 761 hospites
985 681 1077 759 dixit,

62 764 277 845 comitemque
291 762 302 822 i
327 762 394 822 suin
410 760 501 845 fugae
519 760 661 823 futurum
677 763 748 824 esse.
782 763 1022 827 Proliciscuntur
1036 770 1079 829 ab

293 786 449 941 ⁸horream
470 847 511 907 ad
530 847 643 907 statum
666 850 868 928 sacrificinm,
892 852 978 933 qnod
1002 876 1078 915 con·

62 936 160 999 ditari
174 926 397 1001 Aeneaecuni
417 956 535 1017 magna
549 937 745 996 caerimonia
759 940 930 1018 quotannis
944 936 1077 1001 faciunt.

61 1016 106 1097 ibi
119 1020 174 1085 die
187 1044 247 1107 pet·
261 1021 432 1105 sollemnes
447 1022 554 1103 epulas
570 1022 751 1099 tonsorum,
776 1045 893 1085 navem
908 1047 1077 1109 praepara-

62 1127 127 1173 tam
140 1130 160 1171 a
175 1104 307 1185 Poride,
328 1106 433 1193 sopitis
447 1108 613 1183 omnibus,
643 1108 684 1169 de
700 1111 793 1169 tertia
807 1112 912 1193 vigilia
924 1112 1080 1185 conscen2

62 1196 162 1274 dunt,
186 1188 489 1281 tauquam-redituri
503 1194 540 1254 in
560 1194 833 1256 Thessalonicam:
860 1196 915 1258 sed
929 1199 1076 1281 trajicere

62 1284 98 1350 'm
118 1284 287 1358 Euboeam
307 1276 374 1361 erat
400 1279 604 1366 propositum.
670 1285 819 1343 Ceterum
848 1284 886 1345 in
907 1282 1076 1347 adversum

64 1362 433 1469 tetunmlnequidpnam
447 1388 500 1429 eos
516 1366 687 1429 tendentes
701 1392 802 1451 prope
816 1387 937 1431 terram
950 1372 1007 1433 lux
1020 1396 1075 1457 op·

33 1528 37 1535 ,
63 1454 187 1543 pressiti
218 1444 367 1539 et⁷regn,
394 1454 450 1537 qui
475 1471 647 1537 praeerant
665 1455 822 1517 custodiae
845 1473 970 1540 portus,
997 1460 1077 1519 lem-

63 1548 139 1609 bum
161 1560 319 1621 armatum
344 1538 386 1602 ad
405 1540 658 1625 pertrahendam
681 1563 751 1602 eam
770 1564 882 1605 navim
907 1543 1076 1623 miserunt,

60 1654 137 1697 oum
149 1630 239 1717 gravi
259 1626 383 1706 edicto,
413 1649 458 1688 ne
478 1644 718 1689 reverterentur
740 1628 807 1689 sine
823 1651 868 1689 ea.
914 1632 996 1691 Cum
1009 1633 1076 1716 jam

58 1714 378 1805 appropinquabant,
412 1714 499 1775 Poris
522 1713 653 1797 quidem
675 1714 717 1773 ad
739 1715 953 1776 hortationem
976 1721 1073 1781 remi-

59 1804 142 1891 'gmn
162 1820 392 1887 nautarumque
413 1800 568 1875 intentusj
582 1818 668 1877 erat,
712 1800 876 1861 interdum
897 1824 1011 1865 manus
1031 1803 1075 1867 ad
1106 1796 1111 1807 ’

62 1892 194 1955 eoelum
214 1889 353 1953 tendens
368 1888 473 1964 Deos,
496 1903 530 1947 ut
545 1885 671 1949 ferrent
683 1909 793 1971 opem,
815 1890 932 1949 orabat.
978 1886 1075 1954 ferox

62 1976 203 2047 interim
222 1974 360 2053 samina,
390 1973 432 2035 ad
450 1975 549 2033 multo
566 1989 641 2033 ante
664 1969 910 2057 praecogitatum
929 1966 1075 2041 revoluta

60 2064 209 2142 facinus,
229 2082 394 2127 venenum
408 2060 517 2137 diluit,
544 2058 729 2142 ferrumque
744 2063 877 2143 promit:
906 2076 952 2139 et,
972 2062 1074 2145 polito

60 2150 286 2243 itt-conspectu
300 2151 432 2235 poculo,
460 2145 634 2228 strictisque
655 2146 782 2230 gladiis,
817 2144 924 2216 Mors,
955 2150 1074 2231 inquit,

62 2260 122 2307 m
143 2234 272 2315 vindicta
294 2234 346 2315 est.
383 2233 459 2297 'Viae
480 2232 519 2295 ad
532 2252 654 2295 mortem
670 2229 724 2293 hae
737 2234 824 2313 sunt:
856 2251 911 2314 qua
933 2254 1075 2317 quemque

10 2349 12 2355 .
60 2330 177 2395 um,
188 2322 279 2405 sm,
322 2320 446 2407 effugi„
461 2318 631 2403 superbiant
655 2323 773 2404 regiam.
816 2320 925 2405 Agite,
945 2324 1074 2404 juverre

13 2464 17 2469 .
61 2416 135 2489 arei,
163 2413 309 2493 primata,
338 2413 387 2489 qui
407 2408 530 2489 majores
544 2402 624 2482 estis,
654 2410 750 2487 capite
766 2402 911 2485 firrum;
936 2426 987 2467 aur
1001 2404 1076 2468 lmu-

62 2503 123 2563 rite
143 2496 302 2579 patalen,
324 2489 488 2579 fisegnior
510 2512 590 2553 mors
601 2493 701 2573 juvat.
743 2491 786 2551 Et
806 2491 909 2553 hostes
927 2492 1073 2575 aderant,

63 2602 95 2649 et
108 2600 220 2647 auctor
236 2582 345 2643 mortis
365 2578 510 2642 instabat.
554 2577 621 2639 Alii
642 2579 703 2639 alio
724 2578 787 2639 leto
810 2577 944 2640 absumti
964 2579 1074 2642 semia.

18 2688 21 2693 '
60 2674 168 2741 nimos
185 2690 302 2757 enare
316 2666 574 2751 praecipitantur.
609 2664 674 2748 ipsa
688 2664 825 2741 deinde,
855 2667 959 2728 virum
977 2669 1074 2733 comi÷

10 2775 24 2833 '.·.
61 2774 129 2822 tem
143 2758 257 2817 mortis
271 2755 454 2836 complexa,
484 2753 522 2813 in
543 2773 631 2813 mare
646 2751 709 2812 sese
726 2753 847 2835 dejecit.
877 2774 961 2819 nave
977 2776 1076 2819 vacua

13 2892 19 2899 .
61 2844 206 2926 dominis
219 2842 300 2925 regii
313 2836 498 2930 potitisunt.

151 3018 192 3079 V.
215 3013 315 3096 Hujus
338 3008 481 3071 atrocitas
501 3006 654 3071 facinoris
675 3029 793 3070 novam
814 3011 900 3071 velut
915 3009 1076 3075 flammam

47 3102 146 3187 ¹regis
165 3097 309 3193 mvidiae
329 3096 461 3179 adjecit,
499 3112 534 3155 ut
552 3097 645 3176 vulgo
672 3093 772 3177 ipsum
802 3096 980 3177 liberosque
1006 3099 1077 3183 ejus

60 3190 317 3263 exsecrarentur.
364 3206 444 3266 quae
457 3179 546 3243 dirae
563 3182 650 3242 brevi
671 3186 710 3240 ab
729 3182 878 3241 omnihus
893 3182 966 3243 Diis
982 3205 1076 3247 exau,

62 3270 170 3351 dine,
190 3264 235 3333 ¹ut
256 3271 389 3333 saeviret
403 3267 468 3354 ipse
483 3270 520 3329 in
534 3266 624 3327 suum
637 3263 841 3347 sanguinem,
885 3266 1074 3333 effecerunt.

63 3353 195 3441 Perseus
219 3360 326 3433 enirn,
355 3378 429 3416 cum
443 3356 481 3415 in
496 3352 562 3413 dies
584 3352 681 3435 magis
704 3368 853 3411 cerneret
874 3352 1017 3417 favorem
1028 3356 1078 3419 di-

64 3434 283 3531 gnilatemque
300 3442 460 3504 Demetrii
481 3438 587 3500 fratris
607 3437 693 3522 apud
709 3437 921 3500 rdtteedonum
938 3444 1080 3505 moltitie

65 3532 183 3597 dinem
200 3530 360 3605 crescere,
403 3544 434 3587 et
452 3529 585 3608 gratiam
602 3522 687 3608 apud
704 3525 885 3603 Romanos,
914 3527 972 3591 sibi
989 3528 1081 3614 spem¹

61 3598 194 3685 niallam
201 3620 302 3701 'regni
313 3611 484 3699 superesse,
497 3611 557 3671 nist
571 3610 746 3686 inscelere,
760 3604 855 3689 ratus,
873 3613 913 3673 ad
927 3617 963 3676 id
975 3636 1081 3675 unum

59 3718 182 3783 omnes
200 3706 408 3791 ,cogitationes
427 3698 586 3787 intendit.¹
622 3712 764 3762 ceterum
784 3718 858 3778 cum
876 3699 911 3765 se
924 3722 970 3764 ae
989 3700 1033 3761 ad
1044 3698 1082 3763 id

114 3788 155 3861 ll·
176 3792 259 3859 atati
272 3786 355 3855 Tou.
375 3782 438 3851 m.
675 3780 729 3845 Ee
1013 3788 1081 3869 qn·-
