2354 4140
97 92 162 165 506
254 98 348 177 stu
365 96 434 159 nn
455 98 534 160 xus.
580 63 662 163 cn.
685 100 795 165 xxvi.
816 104 944 167 xxvu.

94 184 704 207 W—-a-—o———n-

95 206 541 305 *Mu
629 210 708 265 ue.
729 212 765 265 n.
790 212 857 279 174.

30 356 35 365 .
99 328 156 427 iio,
170 328 215 386 in
232 326 351 411 oppida
366 326 419 387 sua
432 324 542 417 dilapsi
557 306 641 388 suns.
685 330 786 409 quieti
798 330 919 397 deinde
935 351 1110 420 paruerunt

98 435 250 497 suipertus
305 452 328 469 ·=

182 582 312 647 XXVII.
343 583 496 645 Censores
508 606 547 646 eo
560 605 648 645 anno
668 586 769 647 creati
787 589 825 666 Q.
842 589 1109 655 FulviusFlaoeus

97 675 130 738 e't
145 672 185 736 A.
203 671 373 750 Ppstnmius
389 672 528 731 Albinus
545 675 690 755 legerunt
706 672 869 737 senatum:
884 678 1050 759 ,princeps
1066 681 1110 741 le.

41 830 47 837 ‚
98 758 539 840 otusM.AemilittsLepitlus
557 759 706 841 pontifex
723 762 888 825 maximus.
932 765 1106 827 Deseustu

96 871 213 911 novem
236 848 411 929 ejecerunt.
454 843 593 929 insigues
615 864 713 911 notae
734 846 865 909 suerunt
889 852 1105 915 Macornelii

95 932 339 1019 Maluginensis,
368 932 420 1011 qui
432 933 566 992 biennio
581 950 657 995 ante
669 950 799 1015 praetor
813 934 851 996 in
864 939 1019 1019 Hispania
1037 939 1103 1005 soe-

94 1040 161 1099 rat3
191 1023 223 1083 es
237 1023 267 1083 L.
286 1020 429 1082 Cornelii
443 1020 600 1103 Scipionis
622 1022 793 1103 praetoris,
829 1024 918 1103 cujus
933 1042 1002 1085 tum
1015 1018 1104 1099 intest,

94 1113 178 1187 cives
202 1126 233 1170 et
249 1110 436 1190 peregrinos
456 1106 637 1191 jurisdictio
651 1106 746 1175 ,erate
771 1126 804 1170 et
818 1112 878 1171 Cn.-
895 1112 1016 1189 Fulvii,
1046 1114 1103 1196 qui

94 1200 195 1259 frater
216 1214 382 1279 germanus
396 1209 449 1269 et,
479 1211 517 1254 ut
533 1194 677 1256 Valerius
691 1194 806 1256 Antias
827 1197 942 1274 tradit,
970 1198 1103 1261 oodsors

92 1288 186 1348 etiam
207 1280 345 1359 censoris
366 1297 445 1342 erat.
490 1281 658 1357 Consules,
682 1283 762 1343 rotis
775 1284 870 1346 etiam
887 1285 925 1345 in
939 1288 1100 1369 Capitolio

90 1369 301 1453 nuncupatis,
327 1370 365 1428 in
381 1367 562 1450 provincias
576 1368 812 1450 profecti-sunt.
842 1374 904 1435 Ex
921 1372 1021 1435 iisM.
1038 1374 1100 1435 Ae·

88 1444 181 1520 milio
202 1458 322 1517 senatus
341 1455 503 1537 negotium
519 1455 608 1516 dedit
616 1451 629 1531 ,³
647 1473 680 1515 ut
697 1456 917 1527 Patauinorum
939 1461 978 1520 in
993 1464 1100 1525 Vene-

90 1548 136 1607 tia
148 1544 332 1625 seditionem
354 1542 598 1625 comprimeret,
630 1562 706 1627 quos
726 1546 901 1606 certamine
919 1545 1099 1609 suesionum

90 1633 130 1694 ad
147 1631 333 1693 intestinum
349 1631 468 1697 bessum
482 1626 642 1705 exarsisse,
676 1646 708 1690 et
722 1630 860 1712 ipsorum
876 1635 968 1716 legati
984 1637 1099 1699 attule-

88 1737 172 1781 rant.
216 1719 338 1801 Legati,
369 1716 486 1798 quiin
507 1717 662 1776 Aetoliam
685 1714 863 1781 adsimiles
886 1738 989 1781 motus
1013 1744 1097 1783 oom-

87 1806 271 1891 primendos
284 1806 413 1876 -ierant,
437 1804 678 1878 renuntiarunt,
697 1806 840 1867 coerceri
856 1807 975 1867 rabiem
992 1810 1096 1891 gentis

86 1912 156 1957 non
170 1893 263 1977 posse.
292 1890 445 1953 Patavinis
458 1889 550 1950 saluti
567 1888 795 1957 suit-adventus
809 1893 962 1955 consulis:
985 1916 1095 1978 neque

87 1983 186 2059 aliud,
208 1979 292 2065 quod
306 1994 411 2061 ageret
426 1977 463 2036 in
478 1977 655 2059 prouincia,
678 2000 750 2037 oum
766 1979 933 2057 habuisset,
955 1983 1093 2043 Romam

84 2071 192 2147 rediit.
239 2064 390 2127 Censores
410 2064 475 2125 vias
493 2063 680 2138 sternendas
694 2063 781 2126 salice
799 2067 836 2125 in
858 2070 956 2149 urbe,
984 2072 1090 2152 glarea

83 2174 175 2220 extra
200 2142 312 2217 urbem
342 2144 560 2214 substruendas
588 2150 874 2235 marginandasque
899 2155 1001 2236 primi
1025 2178 1089 2235 om-

82 2246 175 2305 nium
196 2234 408 2316 locaverunt,
423 2248 600 2323 pontesque
622 2237 730 2301 multis
749 2240 827 2301 l'oois
849 2239 1031 2306 saeiendos:
1058 2258 1091 2307 es

81 2330 211 2391 scenam
220 2329 374 2390 aedilibus
383 2325 640 2409 praetoribusque
653 2327 888 2407 praebendam:
903 2344 1091 2395 eteareeres

81 2418 126 2477 in.
141 2417 248 2491 circo,
282 2432 314 2476 et
336 2435 396 2483 ova
415 2412 569 2483 ,ad-,notas
597 2412 765 2475 eurrioulis
788 2416 1020 2494 numerandis,
1055 2434 1088 2480 et

81 2504 100 2537 *
110 2503 196 2575 dam,
218 2518 251 2561 et
269 2517 364 2562 metas
380 2500 535 2563 trans*et
549 2516 660 2561 caveas
679 2498 801 2562 serreas
815 2501 1086 2582 pesintromitte·

80 2588 222 2649 rentur*
237 2587 351 2649 serreis
366 2587 404 2647 in
418 2603 527 2646 monte
541 2586 670 2647 Albano
685 2586 883 2665 consulibus,
913 2607 945 2651 et
966 2593 1084 2654 elisum

80 2676 297 2758 Capitolinum
314 2673 398 2733 suiee
414 2673 622 2734 sternendum
640 2692 852 2751 curaverunt,
865 2691 906 2737 es
919 2679 1083 2758 porticum

77 2767 117 2823 eb
133 2761 210 2825 aede
225 2761 353 2823 Saturni
369 2760 404 2820 in
421 2761 610 2842 Capitolium
626 2761 666 2820 ed
682 2759 873 2837 senaculum,
891 2784 928 2823 ao
941 2762 1036 2847 super
1048 2764 1082 2825 sd

77 2851 210 2911 curiam.
255 2850 296 2911 Et
306 2845 403 2908 ‘extra
418 2866 541 2928 portam
554 2847 964 2931 Trigeminamemporium
978 2851 1081 2935 sapide

76 2937 275 3011 straverunt,
304 2933 719 3017 stipitibusquesepserunt:
749 2952 790 2996 et·
800 2936 963 3018 porticum·
976 2938 1081 3001 Aemi·

75 3024 149 3084 liam
166 3023 372 3086 reficiendam
389 3038 559 3082 curarunt:
580 3022 790 3105 gradibusque
804 3022 969 3085 ascensum
980 3030 1020 3087 ab
1029 3026 1079 3086 Ti-

74 3112 147 3172 beri
162 3113 198 3171 in
214 3110 392 3193 emporium
406 3108 567 3171 fecerunt.
599 3126 631 3170 et
643 3126 734 3169 extra
750 3110 886 3171 eandem
901 3129 1028 3194 portem
1042 3113 1077 3173 in

74 3198 272 3271 Aventinum
291 3197 448 3280 porticum
465 3194 552 3270 sslioe
575 3194 770 3272 straverunt,
784 3212 825 3257 -et
841 3219 880 3257 eo
895 3199 1026 3280 publico
1040 3200 1076 3259 ab

74 3285 152 3346 aede
162 3283 296 3347 Veneris
312 3283 470 3347 fecerunt.
514 3282 616 3345 Iidem
626 3284 765 3345 Calatiae
780 3300 812 3343 et
822 3281 955 3346 Auximi
970 3304 1082 3357 usuros,

71 3369 236 3434 faciendos
255 3374 459 3433 locaverunt:
488 3370 689 3453 venditisque
704 3371 751 3430 ibi
766 3371 900 3451 pusrsiois
914 3373 1005 3449 locis,
1026 3392 1073 3455 pe·

71 3460 208 3537 cuniam,
223 3480 302 3541 quae
318 3458 443 3520 redacta
458 3476 538 3536 erat,
553 3458 697 3519 tabernis
712 3460 841 3541 utrique
856 3457 1071 3523 soroei'roum·

69 3545 183 3608 dandis
214 3544 463 3607 consumserunt.
506 3563 538 3608 et
560 3547 641 3607 alter
664 3566 706 3607 ex
732 3545 770 3606 iis
799 3541 926 3609 Fulvius
946 3550 1069 3609 Flacoos

5 3702 8 3708 Ι
69 3636 160 3707 (nam
184 3632 354 3695 Postumius
385 3633 487 3706 nihil,
523 3632 584 3693 nisi
608 3633 732 3694 senatus
753 3635 894 3695 Romani
922 3628 1068 3718 populis·

67 3718 156 3799 jussu,
176 3720 205 3784 se
213 3712 388 3783 locaturum
399 3718 538 3805 ipsorum
548 3720 685 3805 pecunia
693 3720 712 3756 s
722 3721 807 3783 Joris
818 3720 934 3784 aedem
946 3722 1065 3789 Piston,
1098 3749 1101 3757 ·

538 3834 564 3843 ··
625 3814 627 3818 '
776 3824 779 3828 ·
909 3830 912 3837 ·
1037 3816 1065 3865 es
1096 3861 1101 3873 ,
