2354 4140
237 94 508 221 thin.
554 124 642 181 cu:
664 124 1079 229 ΜΝ

297 228 337 289 U.
353 230 476 299 0581.
623 248 651 287 a.
669 227 703 287 C.
719 226 761 287 N.
781 243 851 307 171.

271 308 1077 331 --------...,-.-........

65 339 160 403 milit„
183 366 247 427 que
261 362 292 405 et
307 344 417 423 serius,
440 368 536 429 quam
550 368 602 407 res
617 345 801 431 postulabat,
822 364 854 408 ct
867 350 986 433 raptim
999 338 1076 425 acta,

65 430 186 491 nubiti
200 430 292 491 cursu
307 431 454 495 aduersus
470 432 637 495 instructos
652 450 682 493 et
696 451 901 517 praeparatos
916 454 1009 497 erant
1024 436 1076 497 ad-

66 516 207 578 venturi.
254 516 372 579 Conlul
395 521 607 581 anteveniens
623 523 783 603 extemplo
796 523 955 604 proelium
970 524 1076 585 eonse-

67 602 144 663 ruit.
187 604 294 665 Primo
315 604 457 667 resistere
476 604 687 687 Macedonem
711 605 846 683 deinde,
874 626 908 667 ut
929 612 1076 675 nnllacre

67 708 163 771 paret
175 707 284 768 erant,
311 690 426 753 amiffis
441 692 596 754 trecentis
608 692 785 776 peditibus,
807 695 919 779 viginti
942 692 1076 777 ‹juatuor

65 775 265 859 primoribus
280 779 422 861 equitum
437 782 557 856 exalt,
584 800 680 861 quam
695 781 821 841 Sacram
835 800 967 857 vocant,
990 784 1076 845 inter

10 887 12 893 ·
65 882 144 945 quot
158 860 371 927 Antimachus
385 867 480 927 etiam
495 864 674 951 praefectus
687 868 755 927 alac
770 866 900 943 cecidit,
924 870 1012 929 abire
1027 892 1075 929 co-

64 966 201 1011 nantur.
247 954 394 1013 Ceterum
420 953 481 1013 iter
506 944 697 1037 prope'iplo
718 956 840 1037 proelio
861 955 1076 1017 tumultuosius

11 1031 14 1040 ’
65 1033 138 1107 l'uit'.
182 1038 345 1115 Phalanx,
372 1042 427 1101 ahs
443 1038 569 1123 trepido
591 1040 709 1101 nuntio
731 1042 843 1117 accita,
872 1064 945 1101 cum
957 1043 1076 1125 raptin

64 1120 256 1201 duceretur,
276 1128 381 1210 primo
396 1127 434 1192 in
455 1126 604 1209 angustiis
621 1127 816 1210 captivorum
834 1129 959 1209 agmini
972 1132 1076 1189 oblata

10 1211 14 1266 J
65 1208 285 1295 vehiculisque
299 1211 465 1273 frumento
479 1212 616 1273 onustis:
640 1214 680 1275 iis
698 1214 809 1289 caelis,
834 1216 948 1297 ingens
963 1216 1009 1277 ihi
1025 1238 1074 1277 ve-

65 1296 158 1359 xafie
170 1300 272 1383 partis
285 1299 447 1381 utriusque
462 1298 539 1377 fuit,
563 1300 655 1359 millo
671 1300 892 1384 exspectante,
916 1319 1075 1385 utcunque

64 1384 281 1467 explicaretur
295 1406 421 1469 agmen,
439 1379 495 1447 sed
509 1388 638 1447 antiatis
655 1386 899 1449 detrudentihus
911 1410 972 1471 per
987 1410 1076 1474 prac-

64 1490 142 1555 ecpt
157 1471 410 1557 impedimenta,
427 1471 556 1555 '(neque
572 1474 662 1534 enim
678 1476 771 1533 aliter
784 1476 834 1535 tia
850 1472 970 1557 aperiri
990 1493 1075 1559 pote·

63 1554 133 1635 ret)
147 1560 311 1644 jumentis,
331 1582 404 1619 cum
419 1557 675 1637 stimularentur,
695 1562 731 1620 in
748 1564 841 1619 turba
855 1562 1075 1623 saevientibus.

64 1644 133 1705 vix
152 1648 194 1708 alt
214 1646 384 1707 incondito
406 1648 535 1729 agmine
555 1648 756 1729 captivorum·
769 1646 982 1729 erqtczlierant
1001 1648 1075 1723 lcl'e,

64 1750 143 1791 cum
154 1734 243 1817 regio
257 1734 378 1815 agmini
395 1732 607 1816 perculsisque
622 1734 776 1813 equitibus
800 1750 982 1793 occurrunt.
1027 1736 1073 1795 lbi

67 1836 151 1879 uere
166 1821 284 1881 clamor
298 1818 609 1902 jubentiumrel'erre
626 1818 713 1902 figna
720 1821 833 1879 ruinae
843 1841 966 1901 quoque
974 1842 1075 1903 prope

68 1900 204 1980 limilem
223 1906 472 1991 trepidationem
502 1904 593 1967 fecit:
615 1922 663 1981 ut,
688 1905 711 1965 fi
729 1906 848 1981 hostes,
867 1907 1003 1966 introire
1019 1928 1074 1965 an-

64 1988 184 2075 gestias
194 1994 273 2069 auli,
296 1994 420 2075 longius
436 1992 570 2053 insecuti
586 1992 706 2068 client,
726 2004 847 2075 magna·
856 1991 960 2052 clades
975 1992 1075 2075 accipi

59 2080 214 2165 putauit.
251 2078 388 2157 Consul,
411 2095 541 2163 recepto
559 2102 599 2141 ex
611 2082 732 2141 tumulo
748 2078 918 2163 praesidio,
943 2096 1073 2138 conten·

60 2182 114 2227 ω
128 2166 257 2229 medico
269 2165 424 2241 successu,
446 2168 483 2227 in
498 2165 597 2225 castra
614 2168 718 2249 copias
733 2166 868 2226 reduxit.
897 2168 995 2241 Sunt,
1020 2164 1074 2247 qui

59 2252 178 2316 emilie
186 2274 306 2337 magno
319 2254 442 2336 proelio
454 2269 631 2336 pugnatum
647 2250 788 2313 auctores
805 2252 875 2312 lint.
919 2269 989 2311 octo
1002 2253 1072 2311 mil·

58 2342 107 2401 lia
116 2338 258 2407 hostium
271 2339 375 2416 caela,
398 2341 435 2401 in
452 2340 502 2401 his
519 2341 686 2422 Sopatrum
705 2357 736 2402 ct
749 2339 957 2422 Antipatrum
971 2339 1075 2422 regios

62 2424 178 2491 ducet:
199 2428 286 2491 titos
302 2430 408 2511 captos
423 2426 550 2487 circiter
566 2425 631 2486 duo
643 2427 744 2487 millia
760 2427 967 2508 octingentos,
985 2425 1073 2509 figna

15 2551 24 2561 -
60 2512 218 2580 mfl'naria
234 2530 327 2599 capte
346 2514 460 2597 viginti
479 2512 609 2597 [eptem.
659 2514 730 2574 Nec
751 2515 957 2573 incruentam
977 2514 1072 2575 victo-

11 2653 15 2660 .
59 2601 145 2663 uim
156 2600 269 2665 fuisse-2
285 2598 381 2683 supra
398 2616 531 2682 quatuor
544 2601 647 2662 millia
661 2617 692 2661 et
703 2617 860 2660 trecentos
875 2599 916 2660 de
931 2601 1073 2661 exercitu

59 2675 201 2787 miralia
214 2686 379 2783 cecidisse:
406 2686 497 2770 ligna
512 2686 654 2749 linistrae
669 2689 742 2748 alae·
750 2690 892 2771 quinque
908 2684 1027 2747 amiila.

20 2881 26 2896 “
99 2893 116 2917 .·
135 2864 275 2929 uxum
300 2863 361 2925 Hic
375 2861 442 2925 dies
457 2878 491 2923 et
503 2862 659 2921 Romanis
673 2858 786 2921 refecit
799 2860 933 2935 animos,
956 2876 987 2918 ct
1000 2861 1069 2917 Per·
1097 2852 1100 2859 ’

47 2951 114 3032 Ι[ιιι
134 2951 289 3037 perculit,
312 2966 362 3027 ut,
388 2948 455 3010 dies
476 2970 592 3031 paucos
607 2946 649 3008 ad
667 2946 825 3031 Moplium
848 2962 1003 3019 moratus,
1025 2942 1069 3002 le-

62 3041 210 3119 pulturae
220 3038 362 3099 maxime
377 3037 516 3097 militum
531 3034 715 3095 amissorum
731 3056 818 3108 cura,
831 3029 986 3115 praesidio
999 3029 1069 3090 satis

62 3124 166 3195 valido
182 3122 225 3185 ad
239 3125 400 3185 Gonnum
413 3124 539 3199 relicto,
558 3123 596 3183 in
609 3119 841 3181 Macedoniarn,
849 3119 1006 3200 reciperet
1019 3137 1068 3175 co-

63 3214 135 3299 pias.
161 3212 373 3275 Timotheum
390 3209 554 3293 quendam
570 3229 611 3267 ex
623 3208 718 3288 regiis
732 3204 898 3287 praefectis
914 3224 987 3263 cum
1001 3225 1068 3264 mo·
1112 3248 1115 3255 .

10 3344 17 3357 .
67 3296 134 3379 thee
144 3320 248 3367 manu
261 3299 416 3381 relinquit
430 3294 472 3355 ad
486 3297 620 3369 Philam,
642 3291 757 3375 ¹julium
773 3294 936 3374 Magnetas
953 3308 984 3351 et
996 3312 1073 3375 pro-¹

10 3396 51 3455 μ’
66 3384 199 3472 Pit't't'luc's
219 3400 354 3445 tentare.
400 3386 481 3443 Cum
499 3383 620 3443 Pellam
635 3369 786 3454 venisset,
809 3378 948 3439 exercitu
969 3378 1008 3437 in
1021 3376 1068 3437 hi-

10 3502 28 3543 t·
68 3470 168 3536 berne
183 3470 328 3547 dimisso,
350 3468 418 3552 ipse
439 3490 512 3529 cum
532 3469 636 3547 Cotye·
651 3464 908 3525 'lheffalonicam
931 3463 975 3525 elt
995 3484 1067 3549 pro-

10 3579 30 3629 tt
64 3553 174 3622 sectili.'
212 3556 263 3619 Eo
277 3554 364 3618 fama
386 3553 535 3631 affertur,
555 3553 711 3614 Atlesbim
735 3554 880 3634 regulum
895 3552 1066 3623 Thracum,

10 3672 31 3711 a
62 3650 97 3705 tt'
105 3647 282 3729 chnagum
295 3644 452 3705 Eumenis
466 3639 686 3725 praefectum,
702 3640 740 3701 in
754 3640 860 3722 Cotyis
876 3638 1019 3702 imes'nn
1041 3656 1073 3693 e-

10 3754 30 3801 e
61 3740 128 3795 lum
137 3719 270 3807 'ficisset
282 3749 314 3793 et
319 3732 497 3815 regionem,
513 3730 680 3794 Marenen
693 3752 795 3818 quam
806 3743 947 3804 uocant,
957 3659 1096 3805 cealle-

535 3820 606 3887 Nn
628 3824 654 3903 3¹
1038 3806 1115 3862 Kta-
