2354 4140
74 98 77 105 ·
107 58 123 77 '
199 90 357 156 itanu
380 92 553 163 xxxvnr.
598 92 685 153 cn.
711 56 796 154 rui·
820 90 905 155 xiv.
1008 40 1085 166 331¹

53 177 259 195 m
868 172 1076 193 m

277 201 316 260 U.
334 199 457 271 0563.
612 217 639 257 a.
655 198 688 256 C.
705 196 747 257 N.
765 203 836 291 182.
869 278 1074 296 ...-.....
1126 250 1129 255 .

54 321 128 407 gine
153 317 223 381 fuit
267 319 437 400 migratum
458 316 538 379 inde
558 315 647 377 haud
666 318 775 402 procul
792 306 950 381 veteribus
966 320 1073 381 Celae·

56 408 129 482 nis,
151 426 319 489 novaeque
332 405 414 483 'urbi
436 400 600 487 Apameae
621 426 745 467 nomen
767 402 908 466 inditum
927 408 968 466 ab
988 402 1073 489 Apa·

55 514 148 569 inea,
182 490 292 555 sorore
321 491 442 553 Seleuci
468 492 560 574 regis.
605 491 647 553 Et
667 491 807 573 Marsyas
831 491 952 569 amnis,
985 492 1074 557 haud

57 581 172 668 procul
188 601 207 638 a
220 575 391 641 Maeandri
405 576 548 639 fontibus
563 580 682 657 oriens,
698 581 736 642 in
751 576 964 641 Maeandrum
978 580 1073 643 eadit.

59 670 220 748 Famaque
232 668 277 727 ita
290 680 389 739 tenet,
406 664 552 727 Celaenis
567 664 727 748 Marsyam
740 688 812 727 eum
819 665 972 749 Apolline
984 668 1074 729 tibia-

58 776 135 817 rum
157 770 254 815 cantu
276 748 417 813 certasse.
456 751 653 830 Maeander,
674 776 714 828 ex
728 775 800 816 aree
822 750 944 815 l‘tuuma
965 754 1072 817 Celae·

59 862 180 907 narum
193 850 290 916 ortus,
299 874 302 881 ,
312 835 420 899 media
433 840 513 899 urbe
528 837 714 917 decurrens,
737 862 796 924 per
810 842 904 901 Caras
920 840 1071 925 primum,

50 926 184 989 deinde
199 929 312 1002 Ionas,
334 926 372 987 in
387 922 492 987 linum
505 928 602 987 maris
619 926 740 1002 editur,
763 928 817 1009 qui
830 928 918 988 inter
932 928 1075 992 Prienen
1129 950 1133 956 ’

60 1016 253 1079 uulnerum
270 1010 324 1073 est
362 1008 417 1073 Ad
433 1010 637 1075 Antiochiam
652 1017 690 1077 in
703 1014 802 1075 cultra
817 1012 954 1076 consulis
969 1014 1074 1087 Seleu·

59 1121 135 1176 ους,
160 1098 316 1174 ᾼᾳιῐίοοᾙὶ
338 1098 450 1175 liliuS,¹
463 1122 503 1160 cx
517 1098 648 1163 foedere
665 1102 727 1163 icto
746 1124 820 1161 eum
841 1099 1018 1183 Scipione,
1031 1102 1075 1165 ad

58 1184 264 1253 frumentum
284 1186 437 1247 exercitui
459 1185 605 1247 dandum
627 1190 725 1251 veuit.
771 1192 869 1249 Parra
887 1186 1076 1270 disceptatio

60 1272 104 1335 de
127 1272 227 1335 Attali
248 1273 452 1336 auxiliaribus
474 1290 541 1333 orta
567 1274 628 1351 elt;
653 1274 753 1355 quod,
776 1277 926 1336 Romano
947 1289 1078 1339 tanturn

61 1361 174 1436 militi,
197 1377 325 1446 pactum
338 1357 553 1439 Antiochum,
575 1379 610 1423 ut
633 1360 762 1422 duretur
779 1360 996 1438 frumentum,
1021 1364 1075 1425 Se·
1143 1435 1147 1443 Ι

41 1443 171 1511 'leucus
185 1447 327 1529 dicebat.
370 1436 569 1509 Discuila'en
589 1471 713 1531 quoque
735 1445 778 1508 eit
798 1448 975 1517 coustumia
994 1460 1073 1510 eon-

60 1532 153 1610 sulis,
176 1536 231 1618 qui
254 1530 378 1597 dimisso
392 1534 521 1595 tribuno
536 1533 653 1611 edixit,
672 1534 716 1595 tie
730 1536 872 1597 Romani
883 1536 1000 1596 milites
1023 1552 1072 1596 a'c·

61 1621 219 1703 ciperent,
243 1618 428 1704 priusquam
440 1618 540 1684 Attali
558 1623 673 1693 auxilia
687 1620 886 1705 accepissent.
930 1620 1014 1682 Inde
1030 1620 1074 1683 ad

14 1758 17 1762 .
60 1705 306 1781 GordiutiehuS,
330 1704 415 1787 quod
430 1724 564 1782 uocant,
585 1707 764 1789 processum
784 1707 837 1769 elt.
882 1730 923 1768 ex
943 1730 981 1768 eo
1001 1710 1076 1770 loco

60 1791 105 1853 ad
120 1794 224 1853 Tabas
239 1793 339 1852 tertiis
355 1790 461 1852 eastris
474 1810 676 1874 perventum.
713 1793 750 1853 in
767 1793 884 1853 finibus
900 1792 1077 1859 Pisidarum

62 1876 163 1959 posita
176 1877 221 1937 elt
233 1879 327 1955 urbs,
349 1878 387 1936 in
401 1898 438 1937 ea
453 1895 562 1961 parte,
585 1901 665 1959 quae
681 1880 782 1969 vergit
796 1878 836 1938 ad
850 1880 1079 1960 Pamphylium

61 1983 163 2022 nare.
208 1964 349 2045 Integris=
360 1963 479 2025 viribus
493 1966 631 2047 regionis
648 1967 732 2047 ejus,
754 1964 874 2037 feroces
890 1963 932 2024 ad
951 1954 1077 2029 bellani'

62 2047 144 2111 dum
156 2048 294 2111 habebat
307 2050 401 2110 viros.
431 2052 516 2115 Tum
531 2074 653 2135 quoque
669 2052 804 2133 equites,
827 2052 865 2112 in
879 2069 995 2133 agmen
1008 2056 1080 2115 Ro.¹

62 2157 198 2200 martum
213 2136 380 2218 eruptione
395 2133 494 2215 facta,
519 2138 606 2200 haud
619 2137 744 2203 modice
759 2130 865 2222 primo
877 2137 1000 2221 impetu
1011 2159 1075 2200 tur·
1135 2146 1138 2151 '

35 2240 38 2245 ’
61 2227 196 2291 batere:
217 2222 354 2298 deinde,
383 2239 417 2282 ut
438 2227 602 2308 apparuit,
627 2246 689 2286 nec
712 2222 912 2300 numerose,
934 2245 998 2285 nec
1012 2229 1077 2289 rir-

19 2352 22 2357 -
63 2327 130 2377 tute
146 2330 238 2394 pares
261 2307 340 2384 effe,
362 2311 400 2370 in
416 2315 530 2372 urbem
548 2314 716 2397 compulli,
741 2312 869 2381 veniam
888 2313 1006 2387 erroris
1020 2335 1077 2397 pe-

62 2401 192 2474 tebant,
217 2396 336 2457 dedere
348 2399 462 2457 urbem
476 2400 587 2481 parati.
623 2400 766 2482 quinque
781 2415 812 2460 et
826 2396 940 2483 viginti
954 2400 1077 2463 talenta

64 2486 202 2566 argenti,
221 2499 251 2555 et
266 2482 377 2544 decem
391 2486 492 2546 millia
506 2484 710 2549 medimnum
724 2484 825 2565 tritici
835 2480 999 2583 imperata.
1030 2490 1077 2553 ite

61 2570 103 2639 in
125 2567 323 2630 deditionem
341 2572 471 2654 accepti.

150 2745 234 2806 XIV.
257 2745 368 2805 Tertio
382 2732 579 2807 inde'diead
589 2745 712 2830 Clanum
726 2756 857 2811 unnetn
864 2765 1074 2831 perventum:
1130 2790 1134 2796 -

64 2827 145 2891 inde
157 2828 293 2913 profecti
299 2832 428 2891 Erizam
446 2835 560 2893 urbem
572 2835 676 2917 primo
690 2834 815 2919 impetu
826 2856 863 2893 ce
887 2852 993 2896 erunt.
1020 2830 1075 2895 Ad

66 2915 250 2979 Thabusion
264 2916 442 2996 catellum,
466 2921 643 2982 imminens
666 2922 793 2987 flumini
814 2856 917 2996 Indo,
940 2938 1076 2985 ventum

68 2998 139 3079 eit-,¹
153 3005 204 3064 eui
224 3003 344 3081 fecerat
364 3012 488 3068 nomen
509 3004 626 3084 Indus,
663 3011 703 3069 ab
721 3006 905 3090 Elephanto
923 3006 1075 3091 dejectus.

68 3087 162 3161 Haud
182 3093 293 3174 procul
314 3113 333 3151 a
348 3094 465 3176 Cibyra
477 3097 628 3155 aberant:
652 3116 718 3155 nec
736 3094 850 3176 legatio
870 3093 937 3152 ulla
958 3085 1076 3155 aldoa-

66 3168 156 3259 gete,
187 3174 340 3261 ,tyranno
358 3180 492 3242 civitatis
512 3182 593 3263 ejus,
626 3183 759 3243 bomine
779 3176 821 3239 ad
841 3179 952 3259 omnia
972 3176 1081 3255 infido,
1143 3178 1146 3184 ’

30 3301 39 3313 .-
65 3278 162 3345 atque
175 3265 382 3347 importuno,
413 3269 572 3330 veniebat.
621 3266 677 3331 Ad
700 3261 893 3337 tentandum
919 3267 986 3347 ejus
1008 3265 1077 3329 ani·
1143 3345 1144 3349 Ἰ

29 3379 32 3387 ·
64 3371 160 3413 mum
182 3353 217 3423 ¹C.
240 3353 407 3429 Helvium,
442 3371 517 3415 cum
544 3371 677 3435 quatuor
703 3352 845 3423 millibus
868 3351 1019 3437 peditum
1046 3369 1079 3415 et

67 3436 256 3521 quingentis
277 3440 453 3519 equitibus,
483 3438 594 3515 consul
614 3440 798 3524 praemittit.
842 3441 926 3503 Huic
946 3440 1078 3525 agmini,

66 3523 136 3605 ints
158 3524 240 3589 fines
266 3524 481 3611 ingredienti,
512 3527 608 3609 legati
628 3543 852 3603 occurrerunt,
880 3529 1080 3611 nuntiantes,
1098 3526 1115 3541 ''
1143 3528 1153 3577 ‘t—

69 3626 218 3693 paranun
234 3609 297 3673 elle
311 3626 490 3696 tyrannum
503 3612 659 3696 imperata
671 3612 787 3674 faeere.
812 3617 958 3697 orabant,
979 3629 1081 3695 utpu·

68 3714 158 3769 entus
177 3694 268 3791 iines'¹
282 3700 401 3777 iniret,
421 3698 649 3782 cohiberetque
660 3700 902 3789 apopulatione
920 3696 1089 3785 agrinidi-

394 3794 398 3800 ’
576 3808 579 3815 ·
630 3792 642 3829 -'
694 3840 696 3845 ,
846 3791 851 3799 “
1024 3798 1119 3843 &ms
