2354 4140
72 124 135 186 50⁰
171 78 176 87 ’
255 108 437 175 trena
464 110 545 171 xtt.
589 109 678 172 cn.
708 109 790 173 xxt.
816 99 944 173 xxti·

72 196 393 277 ··““““““““““““’.“
378 196 512 293 cZ'57o.
588 194 642 274 ·.·.
678 195 683 208 “
710 216 749 277 u.
779 220 849 295 ¹74·
895 195 911 209 “
954 194 1082 213 ““““

76 298 1086 323 ——a-—uu———u—-nnn-——u—-qu-——u-

77 363 183 416 anno,
208 338 244 398 in
258 356 346 399 tenta
360 335 459 418 strage
483 339 578 397 boum
588 342 591 349 '
601 336 831 418 hominumque
849 338 1026 398 vulturium
1041 358 1087 399 aa·

79 450 173 511 quam
201 423 312 487 visum.
360 421 543 484 Sacerdotes
564 422 684 504 publici
704 442 743 483 ea
761 421 944 505 pestilentia
966 426 1085 486 mortui

79 516 170 587 sunt,
190 515 252 571 Cn.
267 508 417 573 Servilius
427 511 543 591 Caepio
560 509 728 591 pontifex,
747 526 840 590 pater
855 512 1032 592 praetoris,
1051 527 1083 574 et

81 602 133 663 Ti.
155 596 359 681 Sempronius
381 597 432 657 Ti.
455 598 488 656 F.
510 599 634 678 Longus
658 594 820 657 decemvir
846 596 1024 673 sacrorum,
1055 614 1087 662 et

81 691 114 747 P.
138 686 247 747 Aelius
270 688 377 745 Paetus
400 703 515 763 augur,
553 699 584 742 et
599 683 651 742 Ti.
675 683 884 765 Sempronius
906 686 1085 765 Gracchus,

80 791 113 836 et
134 776 166 833 C.
190 771 348 833 Mamilius
364 770 490 829 Vituiut
512 770 604 829 curio
625 772 799 844 matrimus,
836 788 869 831 ct
884 774 929 834 M.
943 772 1085 856 Sempro·

80 861 154 921 nius
176 858 356 919 Tuditanus
380 854 539 936 pontifex.
585 856 752 937 pontifices
779 855 902 918 suffecti
927 856 1020 934 sunt,
1047 863 1085 923 C.

81 945 237 1029 Sulpicius
247 941 461 1005 Galba***itt
469 946 574 1003 locum
590 942 755 1004 Tuditani.
797 945 946 1024 Augures
962 944 1086 1009 suffecti

80 1032 173 1103 sunt,
193 1031 230 1093 in
247 1026 392 1093 Gracchi
413 1031 516 1089 locum
532 1032 570 1090 T.
586 1032 737 1091 Veturius
752 1031 919 1093 Gracchus
936 1032 1086 1118 Sempro·

79 1120 215 1194 triatrus,
242 1118 279 1176 in
294 1120 325 1176 P.
344 1115 429 1176 Aelii
444 1118 482 1194 Q.
495 1116 606 1177 Aelius
630 1118 744 1179 Paetus.
786 1118 963 1179 Decemvir
984 1117 1087 1185 sacro·

79 1228 155 1268 rum
170 1207 203 1265 C.
220 1202 425 1285 Sempronius
437 1200 578 1284 Longus,
610 1203 701 1263 curio
723 1203 878 1265 maximus
903 1204 939 1271 C.
963 1206 1087 1273 Scribo.

80 1294 157 1355 nius
171 1290 272 1353 Curio
291 1288 452 1351 sufficitur.
498 1288 580 1349 Cum
596 1288 792 1371 pestilentiae
806 1290 878 1353 finit
900 1312 970 1355 non
984 1294 1086 1372 lieret,

79 1378 204 1441 senatus
218 1375 371 1451 decrevit,
393 1376 440 1435 uti
457 1373 630 1439 tlocemriri
648 1376 747 1439 libros
756 1376 931 1458 Sibyllinot
946 1380 1084 1445 adirent.

80 1466 133 1528 Ex
148 1462 277 1525 decreto
297 1485 408 1523 eorum
433 1462 519 1524 diem
542 1483 644 1523 unum
660 1463 845 1546 supplicatio
859 1464 943 1527 tuit.
966 1484 1019 1545 et,
1041 1472 1086 1549 Q.

81 1549 357 1632 MarcioPhilippo
372 1553 468 1611 verba
481 1567 670 1631 praeeunte,
690 1552 828 1634 populus
842 1553 880 1613 in
893 1551 965 1614 soto
979 1572 1086 1617 votum

80 1638 245 1718 concepit:
279 1634 311 1696 Si
326 1634 442 1719 morbus
463 1632 681 1718 pestilentiaque
701 1658 740 1696 ex
758 1660 775 1699 a
796 1658 833 1699 ro
850 1638 977 1703 Romano
998 1660 1086 1705 emota

81 1724 166 1806 effet,
193 1712 313 1785 biduum'
325 1721 427 1802 ftrics
452 1742 485 1801 aa
497 1720 744 1807 supplicationem
764 1660 795 1809 ᾖ
819 1720 1002 1789 latiturum.
1046 1731 1084 1791 ln

77 1810 206 1892 Veienti
220 1832 293 1892 agro
307 1810 414 1891 biceps
430 1827 522 1869 natue
544 1830 640 1890 puer,
668 1826 701 1871 et
719 1809 879 1873 Sinuessae
900 1813 1080 1893 unimanus,

76 1897 247 1962 e'tAaximi
260 1898 367 1978 puella
383 1918 454 1956 curn
470 1894 640 1971 dentibua3
660 1904 792 1959 et'arcus
805 1897 951 1960 interdiu
970 1901 1079 1967 sereno

79 1989 169 2049 coelo
185 1983 279 2068 super
292 1983 402 2044 aedem
420 1976 547 2045 Saturni
559 1980 597 2043 in
610 1978 681 2043 foro
695 1984 843 2045 Romano
860 1988 1023 2066 intentus,
1048 2006 1078 2050 et

80 2090 144 2135 tres
159 2068 247 2131 simul
263 2069 338 2131 soles
353 2067 551 2130 effulserunt:
580 2066 712 2130 etsaces
728 2070 839 2133 eadem
854 2092 951 2134 nocte
975 2078 1074 2158 ploret

78 2182 138 2245 per
152 2160 274 2219 coelum
283 2155 382 2240 lapsae
397 2153 469 2215 sunt
482 2154 520 2215 in
529 2156 723 2217 Lanuvino:
738 2160 938 2242 Caeritesque
946 2182 1075 2247 anguem

78 2248 117 2308 in
131 2242 249 2327 oppido
266 2242 317 2305 sua
338 2244 497 2324 iubatum,
528 2242 629 2303 aureis
648 2244 781 2305 maculis
804 2245 959 2327 sparsum,
989 2270 1075 2333 appa·

79 2331 173 2394 ruisse
197 2329 405 2391 affirmabant.
447 2345 500 2404 et,
528 2331 567 2390 in
588 2348 663 2412 agro
680 2330 845 2414 Campano
865 2335 978 2399 butem
996 2340 1074 2399 loca·
1117 2364 1119 2401 ι

79 2436 147 2479 tum
167 2416 246 2493 esse,
264 2415 334 2479 satis
352 2412 521 2477 constabat.

162 2590 260 2653 xxtt.
287 2587 392 2671 Legati
406 2584 679 2653 Nonisluniis-ex
687 2588 799 2653 Africa
814 2592 995 2672 redierunt,
1014 2590 1070 2677 qui,
1113 2618 1119 2659 t

79 2694 238 2743 convento
246 2676 334 2757 priua
345 2671 497 2765 Masinissa
512 2696 596 2759 rege,
614 2679 836 2762 Carthaginem
846 2681 978 2745 ierant:
999 2696 1072 2745 ceta·
1111 2708 1119 2747 t

77 2790 149 2829 rum
168 2763 288 2825 certina
309 2762 486 2842 aliquanto,
514 2784 595 2843 quac
612 2766 805 2849 Carthagine
818 2783 887 2829 acta
902 2768 1018 2845 effect,
1036 2769 1072 2829 ab
1112 2796 1119 2833 t

75 2875 152 2938 rego
169 2849 357 2922 rescierant,
384 2868 478 2928 quant
494 2851 534 2909 ab
546 2848 616 2933 ipsu
630 2852 951 2936 Carthaginiensibus.
981 2878 1071 2919 cout-
1112 2886 1119 2915 t

73 2959 201 3026 pettam
214 2933 594 3014 tantonalfirmaverunt,
622 2940 737 3022 legatos
757 2944 799 3001 ab
813 2962 888 3022 rege
905 2941 1015 3007 Persea
1029 2962 1072 3005 te·
1113 2971 1119 3007 t

72 3026 175 3105 nisse,
209 3024 310 3105 iisque
333 3038 429 3083 noctu
450 3019 589 3084 senatum
611 3024 649 3087 itt
673 3024 752 3087 aede
768 3025 947 3111 Aesculapii
971 3030 1072 3091 datum
1113 3059 1119 3095 t

74 3113 144 3179 esse.
186 3114 228 3173 ab
243 3109 435 3192 Carthagine
461 3110 576 3192 legatos
594 3109 632 3171 in
649 3112 874 3175 Macedoniam
890 3116 1013 3195 missos,
1032 3130 1072 3181 et
1114 3146 1119 3179 ι

73 3224 134 3265 rex
146 3198 378 3271 affirmaverat,
405 3210 438 3258 et
462 3195 520 3279 ipsa
542 3218 652 3279 parum
676 3199 858 3265 constanter
872 3220 1072 3286 negaverant.

74 3291 115 3350 In
136 3282 355 3350 lllecedoniam
378 3303 506 3365 quoque
525 3284 696 3356 mittendot
716 3288 832 3371 legatos
854 3287 980 3351 senatus
1005 3310 1073 3355 cea·

7 3423 10 3429 ,
74 3375 142 3437 soit.
184 3391 247 3435 tret
265 3366 446 3445 mtffitunr,
475 3372 665 3447 Cloelius,
693 3375 737 3437 M.
758 3375 903 3437 Valerius
922 3376 1071 3451 Messalla.

72 3463 141 3525 Sex.
168 3458 315 3541 Digitius.
371 3454 497 3519 Perseus
523 3479 588 3540 ‚pet
614 3458 649 3519 id
672 3462 930 3545 temput.‚‚·.qaia,
945 3466 1072 3549 quidam

71 3549 236 3631 Dolopum
251 3564 321 3605 non
337 3546 512 3625 parebant,
533 3561 584 3619 et,
609 3544 650 3605 da
667 3546 1017 3633 quibua-ambigebatur
1031 3572 1091 3615 re.
1112 3592 1119 3615 ι

71 3640 146 3712 but,
178 3630 438 3712 disceptationem
461 3632 501 3691 ab
529 3652 603 3715 rege
622 3632 661 3693 ad
684 3635 842 3697 lloraanot
871 3644 1119 3715 remanant:

68 3744 141 3786 cum
159 3716 303 3785 exercitu
317 3715 490 3802 prolectat,
511 3715 566 3781 sab
580 3718 630 3803 jut
644 3718 861 3805 judiciumque
877 3722 964 3787 suum
979 3742 1080 3791 totaur
1106 3752 1119 3807 j,-

520 3844 524 3853 ,
974 3814 1074 3898 coegit
