2354 4140
86 122 150 191 582
259 112 419 193 LtBEn
440 112 552 175 xnn.
593 64 683 172 'cla
704 109 803 171 xvn.
819 103 934 169 xvtn.

352 222 391 280 u
408 221 441 278 c
461 220 532 298 5³³3·
637 234 664 273 a.
682 190 914 311 effi

91 340 177 402 milli
200 339 309 413 erant)
324 340 417 421 legati
435 336 611 397 redierunt.
658 334 825 394 Octavium
845 326 978 389 retinuit
993 323 1109 386 secum.

92 426 262 509 Popillium
278 446 351 489 cum
371 420 578 486 milleforme
592 422 745 483 militibus
762 420 801 481 in
815 416 956 479 hiberna
972 412 1110 473 Ambra

92 514 176 575 ciam
190 510 281 573 misit.

171 684 289 745 XVIII.
308 682 458 754 Perseus,
472 681 634 765 principio
650 678 764 740 hiemis
781 674 889 760 egredi
899 671 1112 736 Macedoniae

94 769 211 831 sinibus
226 790 298 829 non
320 769 427 845 ausus,
457 790 579 850 nequa
598 769 787 851 inpegnum
804 785 939 826 vacuum
956 764 1111 841 irrumpe·

95 872 171 917 rent
183 856 341 931 Romani,
369 848 425 915 sub
440 872 565 938 tempus
581 858 729 929 brumae,
751 874 824 918 cum
839 845 1111 931 inexsuperabiles

93 944 134 1001 ab
152 940 313 1003 Thessalia
328 960 455 1002 montes
470 943 553 1004 nivis
569 940 701 1001 altitudo
716 938 810 1015 facit,
834 956 1035 996 occationem
1050 926 1111 991 effe

93 1045 180 1089 ratus
195 1026 370 1112 frangendi
393 1030 605 1089 linitimornm
625 1026 700 1110 spes·
717 1028 922 1105 animosque,
954 1042 1000 1082 ne
1024 1012 1112 1101 quid,

94 1114 203 1177 averso
220 1114 252 1175 le
269 1117 307 1176 in
316 1117 501 1175 Romanum
518 1112 654 1188 bellum,
676 1114 812 1197 periculi
828 1108 979 1183 saltasset,
1003 1127 1079 1167 cum
1094 1125 1114 1163 a

95 1202 234 1263 Thracia
254 1222 364 1285 pacem
377 1204 493 1281 -Cotys,
529 1204 570 1261 ab
584 1202 684 1283 Epiro
700 1200 856 1281 Cephalus
872 1194 1047 1280 repentina
1059 1188 1113 1251 de·

94 1286 428 1349 fectioneattomanis
443 1286 651 1370 praestarent,
668 1285 843 1347 Dardanos
852 1302 966 1345 recens
976 1274 1113 1341 domuis-

94 1372 141 1435 set
154 1374 255 1448 bello,
274 1372 374 1435 solum
388 1372 619 1435 infestumesse
633 1372 842 1435 Macedoniae
856 1374 953 1444 latus,
968 1364 1056 1449 quod
1072 1364 1113 1423 ab

95 1459 226 1540 Illyrico
240 1476 378 1541 pateret,
400 1482 558 1537 cernens,
581 1458 776 1545 neque‘ipsts
792 1459 903 1541 qnietis
920 1454 1058 1535 Illyriis,
1083 1465 1115 1511 et

67 1552 72 1563 ¹
94 1543 218 1609 aditum
232 1549 460 1628 praebentibus
475 1550 652 1624 Romanis,
675 1544 880 1619 lidomuisset
895 1543 1059 1626 proximos
1074 1538 1113 1599 Il-

93 1632 269 1711 lyriorum,
300 1634 458 1695 Gentium
480 1657 607 1719 quoque
629 1656 737 1717 regem
757 1634 822 1715 jam
842 1630 897 1691 diu
919 1628 1056 1689 dubium
1076 1626 1114 1686 in

93 1716 274 1781 societatem
291 1721 403 1803 perlici
422 1722 529 1806 polle,
561 1744 635 1783 cum
657 1720 770 1781 decem
792 1718 936 1779 millibus
956 1712 1112 1798 peditum,

94 1826 230 1887 quorum
249 1826 323 1888 pars
344 1808 548 1892 phalangitae
571 1824 681 1884 erant,
713 1824 745 1868 et
765 1805 888 1881 duobus
908 1802 1049 1863 millibus
1069 1798 1111 1859 le·

93 1891 183 1957 rium
198 1910 409 1971 armatorum,
430 1896 463 1957 e't'
474 1896 660 1979 quingentis
674 1895 830 1977 equitibus
846 1888 1024 1976 profectus,
1046 1886 1113 1949 stu-

95 1979 207 2039 beram
221 1980 319 2043 venit.
351 1981 435 2042 Inde
449 1981 613 2043 frumento
628 1983 838 2064 complurium
858 1978 984 2038 dierum
999 1973 1114 2047 sumto,

92 2063 236 2149 jussoque
257 2084 409 2151 apparatu
440 2068 730 2154 oppugnandarum
751 2070 859 2128 urbim
879 2063 983 2147 sequi,
1020 2058 1114 2125 tertio

93 2148 147 2213 die
162 2152 205 2215 ad
214 2154 374 2215 Uscanam
391 2154 621 2232 (Penestianae
637 2150 741 2216 terrae
756 2175 795 2217 ea
808 2153 949 2213 maxima
962 2151 1039 2209 urbs
1054 2142 1111 2219 est)

92 2238 197 2323 posuit
210 2240 325 2302 eastra:
349 2242 438 2325 prius
452 2258 581 2318 tamen,
596 2263 692 2325 quam
710 2241 774 2302 vim
787 2239 991 2313 admoveret,
1005 2228 1111 2306 miffia

91 2326 147 2408 qui
159 2332 325 2389 tentarent
337 2350 429 2389 nunc
442 2327 679 2411 praefectorum
694 2326 863 2412 praesidii,
879 2345 969 2384 nunc
982 2316 1114 2405 oppida·

90 2422 211 2474 norum
224 2416 359 2476 animos.
405 2431 473 2476 erat
487 2433 592 2481 autem
606 2416 652 2477 ibi
666 2436 739 2476 cum
753 2415 917 2497 juventute
926 2412 1117 2491 Illyriorum

18 2506 22 2511 ’
88 2501 276 2561 Romanum
292 2499 494 2584 praefidium.
517 2502 682 2586 Postquam
696 2502 781 2563 nihil
797 2501 900 2583 pacati
916 2498 1116 2583 referebant,

90 2592 277 2670 oppugnare
293 2586 337 2646 est
353 2585 501 2665 adortus,
517 2605 550 2650 et
561 2610 682 2649 corona
699 2600 770 2651 eam
783 2608 897 2672 capere
910 2598 1045 2644 conatus
1060 2579 1114 2651 est,

91 2695 165 2734 cum
180 2672 500 2757 fine-intermissione
515 2672 659 2736 interdiu
679 2692 842 2758 noctuque
858 2672 913 2734 alii
928 2671 996 2730 aliis
1010 2668 1116 2731 succe.

92 2759 224 2835 dentes,
239 2778 314 2843 pars
328 2758 425 2821 scalas
438 2762 556 2838 muris,
578 2763 688 2843 ignem
705 2764 804 2845 portis
820 2758 1003 2834 inferrent,
1025 2754 1116 2821 susti-

91 2850 217 2908 nebant
239 2860 350 2906 tamen
382 2868 453 2907 eam
478 2847 698 2929 tempestatem
726 2863 980 2932 propugnatores
1003 2847 1114 2925 urbis3

90 2935 164 3018 quia
184 2933 254 3018 Ipes
278 2948 362 3009 eret,
401 2954 509 3015 neque
536 2933 651 2995 hiemis
665 2935 731 2995 vim
747 2934 864 2996 diutius
883 2934 948 3017 pati
963 2932 1114 2996 Macedo·

59 3086 70 3109 ι
90 3043 149 3083 nas
173 3024 211 3083 in
233 3035 344 3105 aperto
365 3018 474 3109 posse,
495 3040 561 3079 nec
581 3023 621 3078 ab
636 3023 787 3083 Romano
805 3023 890 3083 bello
904 3036 1030 3092 tantum
1044 3022 1114 3105 regi

88 3110 264 3169 laxamenti
288 3106 377 3185 fore,
405 3123 440 3167 ut
461 3105 564 3191 posset
579 3110 709 3169 morari.
754 3110 923 3182 Ceterum,
946 3106 1112 3190 postquam

90 3195 201 3255 tineas
219 3194 285 3278 agi,
308 3212 476 3275 turresque
492 3194 625 3253 excitari
639 3192 809 3272 viderunt,
832 3196 916 3257 ricta
930 3197 1111 3277 pertinacia

53 3360 55 3364 Ι
89 3278 144 3340 est.
168 3302 284 3357 ¹nam,
313 3280 644 3364 praeterquamquod
666 3280 815 3343 adversus
836 3282 903 3344 vim
922 3300 1016 3363 pares
1039 3302 1112 3345 non

88 3382 199 3442 erant,
230 3389 275 3427 ne
300 3366 459 3428 frumenti
473 3365 605 3449 quidem
621 3383 675 3428 aut
697 3370 790 3431 ullius
806 3369 1005 3438 alteriusrei
1019 3372 1112 3452 copia

87 3454 174 3514 intus
190 3469 274 3528 erat,
295 3470 330 3513 ut
348 3454 387 3514 in
402 3454 598 3536 necopinata
611 3453 786 3517 obsidione.
829 3456 939 3537 Itaque
953 3460 1028 3515 cum
1046 3456 1113 3541 spei

85 3536 170 3603 nihil
193 3538 236 3601 ad
257 3536 471 3601 resistendum
487 3536 581 3616 esset,
609 3542 644 3603 C.
659 3542 815 3603 Carvilius
830 3544 1013 3626 Spoletinus
1029 3561 1062 3605 et
1076 3546 1111 3607 C.

79 3625 239 3689 *afranius
257 3648 277 3687 a
289 3625 447 3711 praesidio
455 3628 606 3689 Romano
619 3626 713 3705 missi,
722 3631 777 3711 qui
791 3651 811 3690 a
823 3628 935 3691 Perseo
948 3646 1111 3714 peterent,

67 3717 203 3803 primo,
237 3730 273 3784 ut
288 3731 429 3782 armatos
454 3712 572 3802 Iuaque
594 3712 702 3778 seeum
715 3712 856 3780 serentes
870 3717 960 3801 abire
974 3718 1114 3801 fineret3

1030 3804 1122 3878 bein,
