2354 4140
158 282 162 291 ·
206 256 246 313 u.
266 255 300 312 c.
326 255 399 331 tat·

72 376 386 456 turbarunt’primo,
409 371 530 433 deinde
549 373 742 453 disjecerunt
766 376 974 458 phalangam
999 380 1086 459 tuqus

71 460 241 539 consertae
266 476 297 519 et
317 459 452 527 intentis
473 458 636 519 horrentis
650 458 745 521 hastis
765 462 982 523 intolerabiles
1006 467 1086 524 circs

72 550 156 614 lunt.
201 547 235 609 Si
255 546 391 629 carptim
411 544 629 627 aggrediendo
653 549 866 630 circumagere
888 551 1087 610 immuh'uem

71 632 280 719 longitudine
301 646 333 693 et
354 633 506 715 gravitate
518 631 636 691 hastam
653 654 761 716 cogas,
783 634 915 694 consula
929 636 1012 696 srue
1028 638 1085 697 im-

72 722 253 807 plicantur:
276 715 390 778 fivero
405 734 457 776 aut
478 720 518 777 ah
532 719 649 794 latere,
673 736 725 779 aut
740 724 780 781 ab
802 736 890 805 tergo
905 721 1022 803 aliquid
1040 739 1086 782 tu.

72 812 191 871 multus
204 806 386 887 increpuit,
409 806 525 865 ruinae
538 804 635 865 modo
652 804 829 867 turbantur.
851 806 930 869 licut
949 824 1015 867 tum
1033 806 1088 869 ad·
1149 816 1154 833 ⁸

49 892 181 971 ‚versus
204 894 388 952 catervatim
406 892 610 952 incurrentes
638 894 819 969 Romanos,
854 911 887 953 et
905 896 1088 979 interrupta

72 978 281 1045 mrdtisariam
312 978 397 1053 acie,
427 979 554 1038 obviam
577 981 625 1039 ire
645 984 858 1061 cogebantur:
880 994 913 1041 et
934 982 1086 1057 Romani,

97 1074 265 1149 uacunque
295 1064 369 1125 data
392 1067 562 1125 intervalla
583 1061 700 1142 essent,
730 1064 936 1128 insinuabant
953 1066 1088 1129 ordines

72 1092 155 1217 suos.
199 1153 263 1231 Qui
284 1150 308 1211 si
331 1150 479 1213 universa
501 1153 568 1212 acie
583 1153 619 1211 in
634 1151 778 1213 frontem
793 1153 941 1215 adversus
954 1153 1088 1215 instrue-

73 1258 145 1305 tam
157 1238 349 1323 phalangem
368 1238 621 1315 concurrissent,
644 1238 729 1321 quod
744 1241 897 1323 Pelignis‚
920 1241 1088 1323 principio

76 1346 205 1413 pugnae
226 1324 356 1387 incaute
390 1322 562 1407 congreltis
593 1324 740 1388 adsersus
768 1344 923 1404 cetratos,
967 1328 1089 1403 evenit,

76 1410 257 1477 induissent
277 1408 310 1473 se
333 1410 447 1486 hastis,
471 1432 534 1471 nec
550 1410 730 1473 consertam
745 1415 848 1476 aciem
860 1411 1088 1476 sustinuissent.

162 1586 258 1649 XLII.
282 1586 430 1645 Ceterum
446 1581 522 1643 ficut
534 1581 679 1667 peditum
695 1583 806 1667 passim
825 1584 939 1648 caedes
956 1586 1086 1662 fiebant,

75 1672 150 1744 nili,
162 1674 217 1755 qui
244 1672 371 1755 abjectis
396 1671 491 1731 armis
507 1667 675 1751 fugerunt3
696 1670 737 1730 lic
752 1674 904 1753 equitatus
926 1695 1027 1756 prope
1040 1674 1090 1733 in·

79 1776 169 1843 teger
181 1780 289 1843 pugna
304 1756 440 1817 excellit.
486 1757 637 1837 Princeps
653 1756 744 1839 fugae
760 1779 818 1817 rex
833 1757 899 1840 ipse
916 1775 993 1817 erat.
1023 1760 1089 1841 jam

82 1868 103 1907 a
114 1844 224 1927 Pydna
236 1866 310 1927 cum
325 1843 419 1904 sacris
434 1844 491 1903 alis
507 1843 647 1925 equitum
664 1844 779 1903 Pellam
794 1848 940 1927 petebat:
979 1842 1091 1905 confe-

52 2006 56 2013 ,
81 1932 156 1995 stim
170 1930 313 1993 Costocns
328 1930 515 2012 sequebatur
530 1929 788 2011 Odrysarumque
801 1931 965 2011 equitatus.
1007 1945 1091 1990 cete·

71 2040 139 2095 ¹rae
160 2013 282 2101 quoque
298 2016 513 2078 Macedonum
526 2018 594 2081 alae
611 2018 743 2099 integris
759 2018 890 2076 abibant
903 2014 1091 2090 ordinibus·,

81 2106 158 2191 quia
171 2108 339 2188 interjecta
353 2104 500 2186 peditum
513 2106 604 2179 acies
621 2105 708 2181 cujus
722 2102 834 2163 caedes
852 2103 987 2163 victores
1001 2118 1091 2173 tene·

80 2194 153 2270 bat,
187 2193 392 2253 immemores
412 2189 532 2251 lecerat
554 2188 710 2271 sequendi
738 2190 867 2273 equites.
925 2188 994 2249 Diu
1013 2186 1092 2270 pha-

82 2282 165 2341 lanx
179 2300 198 2339 a
212 2277 331 2353 fronte,
351 2299 370 2336 a
384 2278 552 2352 laterinis,
582 2280 623 2335 ab
636 2292 724 2359 tergo
736 2274 825 2337 caesa
840 2270 900 2334 est:
921 2274 1090 2357 postremo,

105 2367 140 2427 ni
159 2386 201 2427 ex
221 2363 358 2425 hostium
379 2364 527 2423 manibus
544 2362 638 2445 elapsi
654 2379 761 2437 erant,
792 2362 934 2421 inermes
948 2358 988 2419 ad
1001 2378 1092 2421 maro

83 2391 262 2536 sagientes,
286 2450 415 2533 quidam
432 2470 544 2532 aquam
560 2451 656 2509 etiam
670 2447 816 2530 ingressi,
838 2468 950 2508 manus
969 2446 1009 2507 ad
1026 2466 1091 2521 eos,

83 2540 191 2623 quiin
207 2536 301 2598 classe
317 2528 422 2613 erant‘,
438 2535 618 2611 tendentes,
634 2533 815 2619 suppliciter
829 2535 925 2595 vitam
939 2537 1092 2594 orabant:

32 2702 41 2715 .
84 2642 214 2689 etcum
235 2622 366 2707 scaphas
389 2642 584 2683 concurrere
609 2621 753 2703 undique
766 2624 807 2681 ab
827 2623 962 2683 navibus
981 2638 1095 2681 cerne-

36 2772 39 2777 .
82 2728 173 2787 rent,
190 2708 232 2771 ad
247 2708 452 2793 excipiendos
467 2707 530 2769 sese
545 2709 658 2770 venire
673 2710 744 2787 rati,
763 2722 798 2767 ut
810 2723 966 2791 caperent
978 2707 1093 2789 potius,

82 2818 190 2881 quam·
206 2796 407 2871 occiderent,
430 2796 555 2879 longius
570 2797 608 2855 in
624 2817 756 2879 aquam,
770 2794 908 2877 ‚quidam
930 2795 1023 2852 etiam
1037 2812 1095 2848 na-

83 2898 204 2960 tantes,
228 2882 382 2967 progressi
397 2880 479 2943 sunt.
524 2880 586 2945 Sed
601 2905 675 2943 cum
689 2880 844 2945 hostiliter
859 2879 1011 2959 escaphis
1026 2896 1096 2935 eae·

85 2969 255 3049 darentur,
276 2987 375 3047 retro,
399 2970 455 3051 qui
468 2986 628 3053 poterant,
642 2968 755 3029 nando
769 2981 951 3049 repetentes
964 2980 1094 3039 terram,

84 3060 125 3123 in
140 3058 235 3119 aliam
253 3054 431 3117 foediorem
443 3056 562 3139 pestem
584 3055 784 3117 incidebant.
815 3050 981 3132 elephanti
993 3049 1095 3125 enim,

76 3148 128 3207 'ab
136 3146 315 3204 rectoribus
331 3142 373 3201 ad
387 3144 461 3204 litus
470 3143 542 3218 acti,
559 3158 711 3201 exeuntes
725 3140 915 3199 obterebant
921 3134 1097 3207 elidehant·

37 3272 49 3297 ς,
83 3250 167 3317 quc.
213 3230 319 3291 Facile
330 3231 559 3303 conveniebat,
583 3226 739 3286 Romanis
761 3237 933 3304 'nunquam-
947 3224 1013 3283 u'na
1027 3223 1098 3284 acie

84 3332 216 3379 tantum
229 3312 676 3377 Macedonuminterl'cctum.
718 3309 812 3371 Caesa
824 3312 919 3369 enim'
930 3306 971 3368 ad
985 3308 1099 3393 viginti

85 3398 194 3481 millia
216 3399 389 3463 hominurn
410 3398 499 3460 sunt:
529 3397 571 3458 ad
593 3396 648 3459 sex
668 3398 785 3473 millia,
815 3397 869 3479 qui
890 3395 1036 3477 Pydnam
1058 3398 1100 3457 ex

87 3491 162 3553 acie·
179 3486 405 3574 perfugerant,
440 3486 506 3547 viri
526 3487 564 3545 in
587 3483 771 3566 potestatem
796 3500 1032 3566 pervenerunt:
1068 3495 1101 3541 et

89 3578 165 3660 vagi
181 3596 199 3636 e
215 3574 288 3657 suga
304 3572 560 3654 quinquemillia
581 3570 750 3632 hominum
766 3587 865 3653 capta.
907 3570 961 3631 Ex
976 3566 1103 3643 victorii

89 3666 153 3727 bus
175 3660 363 3729 ceciderunt
381 3679 453 3719 non
473 3662 545 3743 plus
564 3674 712 3735 eentum,
735 3675 892 3718 eteorum
913 3659 1014 3715 multo
1034 3672 1103 3710 ma-

31 3786 39 3797 ·
91 3752 146 3833 ior
157 3766 236 3832 para
247 3748 377 3831 Peligni
396 3745 558 3826 vulnerati
569 3746 736 3831 aliquanto
747 3742 964 3833 piureeiuua.
981 3730 1133 3813 Quanta

30 3852 32 3859 '
583 3838 646 3900 Par
665 3856 689 3901 a
1076 3832 1153 3873 m·
