2354 4140
366 96 522 163 trualt
544 99 652 163 xttv.
691 106 887 175 clavat.

717 232 744 270 a.
764 214 797 273 C.
815 216 858 275 N.
879 220 948 314 162.

125 343 212 405 neris
228 330 421 396 confectum.
466 326 655 413 plerumque
676 334 903 413 provolventes
916 336 949 399 se
965 339 1055 419 simul
1069 364 1143 404 cum

124 427 221 492 armis
242 421 374 500 aliisque
396 414 567 491 oneribus,
600 436 675 475 cum
692 421 784 481 omni
803 441 925 503 genere
945 429 1143 507 vexationis,

122 508 360 601 processerunt:
392 498 472 560 adeo
494 517 529 559 ut
545 522 589 560 ne
605 500 673 563 dux
692 504 823 587 quidem
838 525 870 568 et
888 528 999 573 auctor
1017 516 1144 577 itineris

121 601 330 669 infitiaretur,
359 607 460 671 parra
477 607 577 647 manu
592 586 693 651 deleri
714 614 847 656 omnem
862 600 1041 661 exercitum
1055 619 1140 685 potu·

120 687 193 751 ille:
219 683 322 743 Nocte
344 673 386 735 ad
405 669 566 733 modicam
580 676 749 757 planitiem
762 701 1001 761 pervenerunt:
1023 708 1140 771 neque,

120 795 166 835 an
187 767 321 833 infestus
342 764 369 824 is
394 763 481 821 locus
504 758 596 836 esset,
632 760 737 845 septus
761 768 923 851 undique,
959 773 1138 858 circumspi-

120 858 230 922 ciendi
252 854 387 937 spatium
416 847 483 907 suit.
527 848 581 907 vix
600 848 734 911 tandem
752 874 794 913 en
812 854 975 938 insperato
996 858 1139 923 stabilem

120 945 163 1007 ad
183 936 392 1005 insistendum
415 934 518 994 nactis
541 935 648 995 locum
668 937 935 1025 posteroquoque
952 944 1005 1005 die
1020 948 1060 1007 in
1076 964 1140 1009 tam

118 1054 196 1094 cava
214 1030 297 1090 valle
314 1022 435 1107 operiri
455 1021 641 1102 Popillium,
668 1046 704 1083 ac
720 1028 846 1089 relictas
869 1052 943 1089 cum
961 1052 999 1091 eo
1021 1036 1137 1116 copias,

116 1108 246 1183 necesse
269 1112 345 1174 suit:
391 1127 469 1190 quos
492 1123 524 1167 et
544 1107 645 1189 ips08,
671 1134 745 1171 cum
768 1117 808 1175 ab
825 1118 915 1176 nulla
933 1127 1025 1200 parte
1041 1120 1138 1183 hostis

118 1202 294 1275 termisset,
320 1200 464 1258 locorum
487 1192 636 1276 asperitas
661 1198 818 1261 hostiliter
841 1206 978 1265 vexavit.
1024 1208 1137 1282 Tertio

115 1293 169 1354 die
185 1285 365 1372 conjunctis
384 1280 482 1363 copiis
502 1296 582 1340 eunt
594 1304 653 1364 per
669 1284 798 1364 saltum,
821 1309 917 1373 quem
931 1292 1060 1354 incolae
1069 1294 1137 1355 Cal.

115 1381 266 1462 lipeucen
287 1371 460 1454 appellant.
512 1385 624 1449 quarto
652 1370 731 1433 inde
744 1374 807 1435 'die
829 1398 888 1459 per
912 1398 1012 1461 aeque
1033 1381 1134 1459 invia,

113 1464 171 1526 sed
184 1457 383 1522 assuetudine
407 1453 557 1537 peritius,
588 1472 620 1515 et
641 1460 773 1521 meliore
787 1484 860 1522 cum
873 1462 945 1546 spe,
969 1466 1058 1547 quod
1072 1490 1138 1531 neo

112 1549 212 1612 hostis
221 1561 372 1629 'unquam
387 1542 575 1625 apparebat,
600 1558 631 1601 et
646 1547 728 1606 mari
743 1551 1065 1633 appropinquabant,
1081 1556 1134 1618 de-

112 1634 209 1719 gressi
225 1637 263 1695 in
284 1650 426 1712 campos,
456 1628 750 1693 inter-Heracleum
773 1642 804 1694 e't
819 1638 1006 1699 libethrum
1022 1626 1133 1723 posue.

112 1739 192 1782 runt
204 1720 304 1782 eastra
324 1714 485 1801 peditum:
515 1737 652 1796 quorum
669 1741 743 1801 pars
765 1724 866 1805 major
882 1728 1020 1786 tumulos
1043 1745 1129 1791 tene.

70 1843 74 1849 ·
111 1812 175 1871 bat.
219 1809 244 1871 ii
267 1807 402 1881 vallem,
417 1804 537 1883 ‘campi
558 1824 683 1887 quaque
704 1824 844 1889 partem,
876 1812 932 1889 ubi
947 1830 1045 1894 eques
1061 1830 1128 1875 ten·

94 1910 97 1915 “
111 1896 221 1973 deret,
242 1894 527 1975 amplectebantur.

191 2070 247 2130 Vl.
279 2062 413 2127 lavanti
433 2062 502 2145 regi
524 2061 641 2124 dieimr
660 2064 855 2143 nuntiatum,
881 2066 986 2131 hostes
1006 2069 1127 2150 adessa

107 2178 173 2241 quo
194 2154 312 2216 nuntio
334 2172 408 2211 etun
427 2147 559 2233 pavidus
587 2149 754 2213 exhluisset
775 2174 793 2211 e
812 2152 906 2231 solio,
953 2159 1068 2219 uictum
1089 2158 1124 2221 se

105 2244 177 2305 stne
191 2241 314 2326 proelio
328 2238 496 2299 clamitans
510 2237 684 2319 proripuit;
708 2255 756 2315 et,
772 2236 914 2302 *subinde
928 2267 988 2326 per
1003 2246 1064 2307 alia
1078 2263 1123 2307 at·

106 2352 170 2413 que
185 2328 247 2391 alia
259 2324 376 2410 pavida
389 2322 519 2385 consilia
534 2340 566 2383 et
578 2322 715 2407 imperia
729 2326 912 2408 trepidans,
943 2330 1067 2395 duobus
1083 2354 1125 2397 ex

85 2428 88 2435 '
107 2416 216 2477 amieis
231 2415 368 2488 Pellam,
397 2413 533 2471 alterum
545 2408 820 2494 Asclepiodotum,
842 2416 898 2475 ubi
912 2420 1053 2498 pecunia
1070 2419 1122 2481 de·

105 2501 206 2587 posita
221 2516 305 2575 erat,
320 2517 362 2559 ex
374 2497 536 2580 praesidiis
549 2515 693 2575 revocat3
710 2521 885 2583 omnesque
900 2502 1005 2565 aditus
1019 2508 1122 2591 aperit

105 2590 202 2649 hello.
245 2585 332 2669 Ipse,
355 2587 394 2643 ab
410 2583 476 2647 Dio
491 2585 606 2644 auratis
622 2583 728 2645 statuis
750 2589 899 2648 omnibus
917 2595 1054 2674 raptim,
1076 2614 1118 2655 ne
1167 2586 1169 2592 ¹

104 2672 226 2759 praeda
238 2670 320 2732 hosti
334 2668 447 2749 essent,
463 2671 500 2731 in
515 2668 643 2730 classem
659 2672 822 2755 congestis,
837 2676 923 2737 ocius
937 2677 1117 2763 demigrare

103 2759 254 2843 Pydnam
264 2758 361 2840 cogit:
392 2774 440 2834 et,
462 2778 542 2839 quac
558 2760 718 2819 temeritas
733 2758 871 2835 consulis
885 2762 988 2825 rideri
1003 2764 1116 2849 potuis·

102 2844 273 2931 set,·quod
293 2864 331 2905 eo
349 2842 557 2929 processisset,
581 2844 791 2921 undelinvito
812 2846 902 2908 hoste
916 2852 1044 2935 regredi
1061 2874 1114 2913 ne·

101 2936 222 3023 quiret,
266 2930 338 2993 earn
357 2952 429 2993 non
451 2927 665 2993 inconsultam
688 2931 852 2995 audaciam
875 2932 960 2998 fecit.
1022 2936 1113 3001 Duos

85 3024 191 3085 'enim
213 3018 325 3095 salnes,
351 3038 412 3103 per
434 3038 511 3100 quos
534 3014 613 3077 inde
627 3017 763 3079 evadere
784 3020 927 3103 possent,
949 3024 1113 3089 habebant

96 3106 259 3173 Romani:
288 3127 392 3166 unum
411 3126 470 3188 per
487 3105 610 3187 Tempe
630 3104 669 3165 in
683 3104 892 3187 Thessaliam,
921 3110 1061 3173 alterum
1076 3115 1111 3176 in

98 3192 323 3257 Macedoniam
334 3208 462 3276 praeter
467 3189 589 3267 Dium3
606 3212 686 3274 quae
700 3208 833 3276 utraque
846 3197 941 3279 regiis
954 3203 1110 3263 tenebam

94 3295 152 3341 tur
166 3278 338 3363 praesidiis.
383 3282 493 3363 Itaque
515 3276 539 3339 li
554 3276 621 3338 dux
635 3277 816 3361 intrepidus
836 3280 948 3343 decem
963 3283 1032 3347 dies
1046 3288 1108 3371 pri.

95 3364 1109 3455 -ruamspeciemapproquinquantisterrorissustinuisset,neque

94 3468 242 3536 receptus
253 3452 409 3516 Romanis
423 3474 483 3536 per
491 3454 614 3536 Tempe
629 3452 667 3511 in
681 3451 883 3533 Thessaliam,
901 3452 1008 3539 neque
1024 3481 1107 3521 com.

93 3540 251 3603 meatibus
261 3537 479 3619 pervehendis
488 3560 526 3599 co
540 3536 686 3622 patuisset
697 3540 767 3601 iter.
791 3542 872 3603 Sunt
884 3544 972 3604 enim
980 3536 1107 3631 Tempe

87 3625 206 3703 saltus,
236 3622 354 3686 etiamst
368 3638 440 3685 n‘on
453 3627 538 3687 bello
556 3625 610 3686 fiat
621 3622 772 3702 infestus,
803 3630 938 3691 transitu
953 3620 1104 3697 difficilis.

31 3775 35 3782 .
77 3732 165 3781 mm
184 3728 319 3803 praeter
331 3712 498 3801 angussm
507 3732 566 3801 pet
580 3714 720 3801 ψῃ
732 3714 852 3795 millia,
874 3738 940 3804 ¹qua
954 3712 1106 3818 exiguuu't'

655 3849 661 3856 -
961 3824 1103 3882 umente
