2354 4140
69 334 74 413 ᾗ
115 348 125 361 ”
161 346 272 407 XXVI.
318 344 502 423 Quinctius,
530 341 762 405 affirmantibus
783 345 835 422 iis,
865 346 945 411 bad
959 368 1067 433 portu

55 430 227 494 Romanus
242 432 399 493 exercitus
409 429 524 505 luillet,
549 451 620 490 non
628 430 696 501 fine
707 427 823 515 effectu
838 430 979 497 futurum
990 460 1067 501 eum

55 534 182 579 motum
202 515 311 595 luisse,
344 534 390 594 et,
414 516 580 599 fipropius
596 517 694 577 eastra
707 514 971 601 admoverentur,
993 546 1068 589 non

57 605 221 687 quieturos
247 603 398 687 Argivos,
436 602 518 665 milit
546 603 710 685 expeditos
731 603 852 685 pedites
873 611 1064 693 equitesque,
1118 644 1128 681 ι,

61 692 114 775 qui
132 694 217 753 circa
239 691 414 772 Cylarabin
435 688 646 773 (gymnalium
669 688 704 750 id
724 688 769 749 est
782 692 889 753 minus
905 711 1065 761 trecentos

60 776 163 863 pallos
178 780 218 837 ab
232 778 326 853 urbe)
340 799 416 855 cum¹
428 778 667 860 erumpentibus
676 799 694 835 a
708 794 800 858 porta
807 780 1067 849 Lacedaemonii·

62 866 219 949 proelium
241 862 482 941 conmtilerunt,
504 881 597 947 atque
614 886 666 925 eos
683 862 769 923 haud
789 886 907 949 magno
920 870 1065 931 certami-

61 970 102 1013 ne
127 952 353 1035 compulerunt
376 951 414 1011 in
430 953 553 1013 urbem.
599 946 745 1011 etcastra
762 971 801 1011 eo
814 950 882 1035 ipso
896 954 983 1031 loco,
1008 957 1064 1017 ubi

35 1048 43 1071 “·
56 1056 234 1123 pugnatum
250 1054 332 1113 erat,
353 1038 527 1123 imperator
535 1038 700 1097 Romanus
715 1036 825 1119 posuit.
869 1038 968 1101 Diem
983 1036 1065 1103 inde

14 1142 17 1149 ·
39 1142 163 1185 ‘unum
175 1127 213 1185 in
226 1123 358 1207 speculis
372 1122 448 1199 luit,
469 1122 492 1184 fi
508 1121 586 1205 quid
600 1124 677 1185 novi
692 1140 794 1183 motus
811 1126 964 1187 oriretur.¹
983 1128 1065 1211 polt-

57 1233 156 1294 quam
181 1210 363 1295 oppressam
383 1226 470 1271 metu
492 1211 651 1271 civitatem
672 1207 767 1286 vidit,
805 1209 938 1273 advocat
955 1216 1063 1279 conci·

55 1298 141 1367 lium
155 1295 194 1359 de
208 1297 431 1380 oppugnandis
444 1295 547 1381 Argis.
593 1297 746 1357 Omnium
763 1298 946 1383 principum
961 1302 1063 1363 Grae·

60 1384 138 1460 uiae,
153 1382 497 1467 praetetAriltaenum,
517 1382 628 1444 eadem
644 1383 802 1443 sententia
816 1402 892 1462 erat,
908 1409 1061 1449 cumeau-

14 1470 20 1479 “
57 1469 93 1531 [a
107 1472 180 1533 belli
192 1493 264 1533 non
279 1472 339 1533 alia
350 1466 441 1547 esset,
460 1468 540 1531 inde
557 1468 748 1553 potisfimum
762 1469 916 1533 ordiundi
932 1475 1061 1537 bellum.

24 1608 27 1617 .
58 1559 209 1641 Quinctio
230 1556 266 1619 id
277 1578 479 1639 nequaquam
491 1559 652 1639 placebat,
675 1555 731 1619 led
744 1553 963 1635 Aristaenum,
984 1584 1063 1623 con·
1102 1591 1109 1603 x

56 1659 108 1704 tra
123 1648 271 1705 omnium
292 1642 482 1705 consensum
507 1640 732 1718 disserentem,
758 1664 832 1703 cum
852 1644 940 1705 haud
962 1646 1061 1711 dubia

56 1734 286 1814 approbatione
315 1728 443 1790 audivit.
477 1728 596 1809 etipse
624 1728 757 1809 adjecit,
779 1747 912 1807 cumpro
929 1733 1059 1817 Argivis

54 1816 196 1898 aduersas
217 1832 376 1898 tyrannam
398 1811 499 1871 bellum
509 1811 678 1954 {arreptum
693 1810 753 1887 fit,
788 1812 862 1894 quid
879 1819 973 1875 minus
995 1839 1063 1879 con·

56 1904 177 1962 veniens
194 1900 270 1985 (sse,
291 1916 375 1978 quw
398 1896 493 1977 omisso
531 1894 584 1971 oste
602 1900 701 1980 Argos
717 1901 913 1981 oppugnari?
935 1900 972 1960 Se
986 1924 1059 1967 uer·

58 2003 149 2064 caput
179 1982 246 2043 betti
281 1982 513 2043 Lacedaemonem
545 1998 575 2039 et
602 1999 764 2064 tyrannum
788 1986 964 2062 petiturum.
1007 1989 1061 2065 Er,

56 2068 186 2131 dimisso
207 2070 362 2143 concilio,
384 2066 614 2127 frumentatum
631 2067 791 2149 expeditas
807 2062 953 2129 cohortes
967 2072 1060 2135 misr.

56 2156 155 2239 Quod
178 2157 295 2217 maturi
318 2171 385 2215 erat
406 2154 507 2231 circa,
541 2151 716 2231 demellum
740 2171 772 2215 et
791 2172 981 2231 convectum
1003 2156 1060 2223 est,

55 2243 169 2321 uiride,
184 2265 228 2304 ne
237 2241 341 2303 hostes
357 2264 434 2301 mox
447 2241 614 2315 haberent,
635 2241 804 2323 protritum
817 2257 850 2302 et
862 2258 1060 2326 corruptum.

55 2330 162 2393 Castra
179 2329 413 2405 deindemovit,
436 2344 475 2404 et,
497 2324 668 2387 Parthenio
679 2326 824 2410 superato
837 2344 956 2407 monte,
969 2352 1061 2413 prae·

55 2434 107 2479 tet·
122 2418 261 2503 Tegeam
282 2416 376 2477 tertio
393 2413 444 2474 die
458 2413 500 2475 ad
513 2416 629 2493 Caryas
643 2412 745 2496 posuit
760 2414 866 2475 castra.
890 2416 944 2493 ibi,
958 2419 1059 2501 prius-

55 2525 152 2588 quam
179 2502 315 2566 hostium
339 2503 477 2562 intraret
498 2521 624 2583 agrum,
653 2494 808 2561 sociorum
822 2502 939 2563 auxilia
948 2503 1058 2588 exspe-

55 2590 159 2659 ctavit.
203 2585 572 2653 VeneruntMacedones
587 2587 757 2671 anilippo
773 2589 861 2650 mille
877 2590 1057 2674 quingenti,

55 2694 90 2739 et
112 2673 334 2737 Thessalorum
355 2676 474 2758 equites
492 2672 727 2757 quadringenti.
767 2697 834 2755 ,nec
847 2676 912 2758 jam
928 2678 1057 2754 auxilia,

38 2758 192 2847 'quorum
216 2761 342 2847 ¹affatim
364 2777 447 2837 erat,
475 2759 531 2823 fed
551 2776 743 2821 commeatus
762 2762 904 2823 finitimis
925 2765 1058 2825 urbibus

54 2849 202 2932 imperati
218 2853 430 2909 morabantur
451 2848 643 2907 Romanum.
685 2847 821 2909 Navales
843 2850 968 2929 quoque
989 2868 1060 2911 ma·

55 2954 140 3019 gnae
152 2936 260 3019 copiae
270 2934 516 2997 conveniebant.
536 2934 607 2993 lam
621 2934 661 2993 ab
675 2933 820 2995 Leucade
835 2934 868 2993 L
886 2936 1059 3011 Quinctius

57 3018 264 3105 quadraginta
275 3022 410 3083 navibus
422 3035 572 3082 venerat:
596 3019 662 3103 jam
675 3019 821 3081 Rhodiae
829 3016 1059 3093 decemetocto

57 3122 159 3169 tectae
178 3128 291 3173 naues:
312 3109 377 3191 jam
395 3107 556 3187 Eumenes
577 3127 638 3167 rer
654 3107 739 3166 circa
760 3104 912 3186 Cycladas
937 3106 1058 3171 insulae

26 3222 31 3229 -
56 3210 219 3259 eratcum
239 3193 351 3257 decem
371 3194 460 3273 tectis
471 3193 623 3267 navibus,
646 3192 776 3275 triginta
788 3193 915 3268 lembis,
937 3194 1057 3255 mixtis-

55 3302 118 3365 que
144 3282 213 3343 aliis
233 3282 367 3342 minoris
383 3279 505 3341 formae
519 3279 660 3362 navigiis.
705 3276 845 3361 ipsorum
857 3300 982 3363 quoque
995 3283 1055 3343 La-
1084 3282 1087 3287 ’

53 3366 338 3433 cedatunoniorum
361 3360 482 3429 exsules
501 3366 670 3450 permulti,
699 3381 914 3445 tyrannorum
936 3368 1059 3452 injuria·

53 3452 146 3538 pulli,
165 3450 221 3539 [pe
235 3453 475 3538 recuperandae
489 3452 662 3535 patriaein
677 3449 929 3517 castrallomanu
940 3470 1056 3515 conte·

53 3542 185 3603 nefaris,
228 3543 321 3603 Multi
335 3557 440 3616 autem
456 3556 564 3613 erant,
585 3539 650 3621 jam
661 3559 721 3621 per
739 3539 857 3623 aliquot
869 3557 995 3614 aetates,
1013 3554 1059 3597 ex
1087 3588 1090 3593 .
1133 3536 1138 3552 “

20 3684 24 3693 .
52 3648 119 3709 quo
132 3629 267 3709 ¹‚tyranni
283 3632 439 3693 tenebant
454 3623 741 3706 Lacedaemonem,
761 3626 815 3689 alii
828 3628 868 3688 ab
880 3628 949 3689 aliis
963 3618 1066 3707 pulsu
1144 3626 1147 3631 '

50 3712 208 3801 ξηιωεμ
230 3728 300 3775 erat
319 3714 462 3785 utillum
475 3709 664 3803 Agesipolis,
695 3713 782 3797 cujus
800 3713 871 3795 jum
883 3710 988 3795 gantis
1006 3725 1055 3767 re.

76 3784 103 3877 b
397 3836 400 3842 ·
468 3853 470 3856 .
503 3824 505 3829 ·
543 3796 611 3889 Kc
715 3807 719 3811 ·
753 3874 756 3881 Ι
954 3812 1063 3879 gum

1136 3918 1162 4019 s

1136 4036 1162 4081 e:
