2354 4140
170 100 174 105 ’
223 131 378 196 staua
401 134 529 197 xxxn.
574 138 660 197 on.
684 134 799 195 xxnt.
814 132 926 193 xxiv.
1032 112 1078 213 69'

478 216 1074 239 *w

262 296 265 301 .
291 240 330 299 U.
355 240 388 299 C.
410 243 486 319 554.
584 304 587 309 ,
621 240 762 299 anm.
785 248 854 321 ¹9⁸*

66 322 866 343 .....................,....,,,...,.....

66 359 273 427 Romani'ad
288 360 469 423 Cenchreas
485 358 605 420 versam
618 379 742 441 partem
753 360 849 432 urbis,
862 358 994 431 Attalus,
1011 372 1071 417 tm

64 450 162 513 ducto
177 468 238 535 per
253 446 404 510 Isthmum
421 448 579 522 exercitu,
600 451 639 506 ab
655 446 807 519 Lechaeo,
830 446 956 507 alterius
972 444 1070 505 inuris

64 552 179 621 portu,
209 536 459 617 oppugnabant3
489 535 596 615 primo.
611 534 755 613 segnius,
774 530 935 613 sperantes
949 530 1068 591 seditio·

67 644 145 685 netu
164 623 257 685 intus
275 619 345 683 fore
365 622 457 691 inter·
477 618 653 701 oppidanos
676 640 713 679 ac
732 620 854 701 regium
870 616 1066 699 praolidium.

69 707 231 793 postquam
261 729 327 771 uno
357 710 469 767 animo,
487 729 616 783 omnes,
651 722 683 765 et
706 704 898 765 Macedones
919 721 1069 783 tanquan

68 816 274 857 communem
291 796 425 876 patriam
439 798 618 869 tuebantur,
641 792 837 853 etCoriuthii
852 790 964 849 ducem
979 808 1067 871 prat·

58 880 135 946 .fidii
159 878 440 955 Androsthenem,
467 880 554 962 haud
575 879 662 939 secus
684 900 777 961 quam
793 880 897 939 civem
912 894 943 937 ot
957 873 1066 935 suffra-

63 970 118 1053 gio
142 983 287 1030 creatum
313 966 384 1043 suo²
429 969 565 1049 imperio
595 965 673 1050 justo
699 966 920 1049 patielnntur;
961 961 1068 1023 omnis

62 1053 145 1118 inde
166 1053 236 1137 spes
249 1056 466 1137 pugnantibus
481 1054 518 1114 in
532 1055 581 1127 vi,
604 1054 759 1129 murinis,
782 1070 812 1112 et
826 1052 974 1135 operibus
989 1062 1066 1107 emt.

52 1139 209 1221 ¹undique
226 1161 353 1223 aggeres
369 1139 454 1203 haud
467 1138 554 1201 facili
568 1138 654 1201 aditu
669 1138 845 1199 admoenia
855 1138 1066 1201 admoveban-

62 1244 128 1290 tur.
154 1224 264 1289 -Aries
292 1249 332 1289 ex
352 1248 389 1287 ea
411 1242 521 1310 parte,
551 1248 647 1308 (quarn
666 1227 805 1287 Romani
826 1226 1066 1309 oppugnabant,

66 1314 261 1396 aliquantum
283 1315 367 1375 muri
388 1312 539 1374 diruerat.
567 1315 605 1375 in
625 1332 720 1395 quem
733 1298 856 1385 l'ocum,
876 1312 950 1391 quia
964 1306 1066 1367 nuda·

67 1414 119 1458 tus
146 1400 344 1463 munimento
375 1418 458 1476 erat,
493 1397 725 1483 protegendum
746 1400 842 1461 armis
865 1420 940 1463 curn
961 1399 1064 1457 illace-

63 1483 168 1549 dunes
180 1486 428 1564 concambient,
451 1504 542 1549 atrox
559 1487 717 1570 proelium
730 1488 816 1549 inter
830 1506 883 1545 eos
896 1505 933 1543 ac
948 1483 1064 1543 Roma-

62 1592 124 1633 nos
136 1586 239 1636 ortum
252 1572 307 1633 est.
350 1572 398 1637 Ac
414 1575 521 1657 primo
533 1571 738 1635 multitudine
753 1570 845 1633 facile
860 1568 1062 1653 expelleban-

23 1680 26 1685 ·
61 1674 114 1719 tur
127 1659 289 1721 Romani:
310 1656 448 1725 allutntis
463 1658 793 1723 deiudeAcbaeortun
800 1656 962 1739 Attalique
975 1656 1061 1719 auxi·

60 1744 122 1821 liiS,
145 1748 325 1825 aequabant
338 1762 515 1805 certamen:
537 1766 600 1805 nec
614 1744 746 1807 dubium
760 1761 843 1818 erat,
866 1745 946 1829 quin
959 1744 1060 1805 Mace-

61 1828 165 1893 dones
183 1832 387 1906 Graecosque
410 1828 505 1887 facile
519 1832 589 1890 loco
602 1829 723 1911 pulluri
735 1830 867 1893 luerint.
908 1826 1060 1890 Transfu-

55 1936 177 1999 garum
199 1913 383 1971 Italicorum
401 1932 516 1993 magna
537 1912 706 1973 multitudo
725 1930 809 1987 erat3
831 1932 905 1993 pars
920 1934 960 1975 ex
975 1916 1060 1974 Han·

55 1998 183 2066 nibalis
205 1998 346 2059 exercitu
367 2013 453 2057 metu
474 2018 598 2078 poenae
618 2019 637 2058 a
657 2000 811 2059 liomanis
827 1998 1005 2077 Philippum
1018 1996 1061 2059 [e-

56 2084 146 2159 οιαὶ,Ι
168 2102 244 2165 pars
261 2083 390 2145 navales
404 2080 487 2158 socii,
509 2084 627 2147 relictis
642 2102 747 2165 nuper
761 2080 913 2153 classibus,
928 2079 1064 2161 adipem

56 2168 278 2235 honoratioris
301 2168 432 2233 militiae
445 2168 634 2253 transgressi.
676 2170 734 2231 hos
749 2167 912 2253 desperata
924 2164 1020 2241 salus,
1035 2164 1062 2227 li

58 2258 203 2323 Romani
219 2253 386 2333 viciffent„
413 2254 455 2319 ad
475 2258 595 2319 rabiem
613 2246 735 2340 magis,
772 2277 867 2339 quam
888 2252 1061 2329 audaciam,

57 2342 265 2409 accendebat.
307 2344 560 2407 Promontorium
579 2343 623 2405 est
637 2343 784 2406 adversus
800 2344 988 2423 Sicyonem,
1008 2340 1061 2405 Ju-

57 2432 155 2495 nonis
179 2450 276 2513 quam
296 2446 412 2492 uocant
423 2426 595 2507 Acraeam,
613 2433 650 2494 in
667 2432 970 2494 altumexcurrens:
995 2444 1058 2489 tra·

57 2518 158 2601 iectus
172 2515 253 2581 inde
268 2516 467 2599 Corinthum,
482 2516 602 2601 septem
612 2520 713 2582 millia
724 2516 828 2583 ferme
842 2514 995 2599 palluum.
1018 2534 1057 2577 eo

57 2602 230 2679 Philocles,
249 2603 355 2684 regius
376 2618 408 2663 et
426 2602 491 2685 ipsc
505 2602 695 2686 praefectus,
715 2605 804 2665 mille
819 2620 850 2665 et
863 2604 1055 2685 quingentos

57 2688 173 2755 milites
196 2710 256 2770 per
275 2690 438 2751 Boeotiam
460 2689 558 2751 duxit.
588 2690 711 2774 praesto
735 2690 825 2751 fuere
843 2694 883 2749 ab
898 2686 1053 2751 Corintho

25 2781 35 2841 “,
56 2774 172 2853 lembi²
208 2776 263 2855 qui
284 2773 473 2859 praesidium
493 2776 528 2841 id
552 2796 714 2861 acceptum
735 2778 912 2840 Lechaeum
932 2774 1054 2855 trajice-

55 2876 142 2925 rent.
182 2858 305 2924 Auctor
324 2878 392 2925 erat
409 2860 548 2939 Attalum
569 2856 882 2945 inoenlis'operibus,
905 2863 1053 2923 oiuittcn-

55 2944 115 3027 dae
138 2949 299 3029 extemplo
319 2950 574 3035 oppugnationis.
618 2951 809 3031 Pertinacius
828 2946 995 3025 Quinctius
1013 2944 1051 3003 in

868 316 1072 337 ——u--n-

52 3033 187 3117 incepto
203 3031 367 3115 perstabat.
409 3036 436 3095 is
457 3058 580 3121 quoque
593 3053 628 3098 ut
642 3058 700 3118 pto
714 3038 860 3097 omnibus
874 3032 973 3116 portis
988 3028 1049 3091 dis-

53 3118 153 3205 postu
170 3119 250 3183 vidit
265 3118 420 3203 praesidia
432 3122 534 3205 regia,
556 3144 619 3183 nec
637 3122 728 3183 facile
743 3120 979 3205 (irrumpentium
993 3118 1049 3178 im-

52 3222 147 3291 petus
165 3204 313 3268 sustineri
327 3206 429 3291 polle,
451 3209 488 3269 in
503 3208 601 3269 Attali
615 3208 807 3269 sententiam
822 3204 979 3269 concessit.
1005 3204 1050 3265 ita

50 3293 144 3356 irrito
167 3293 313 3375 incepto,
343 3292 472 3355 dimittis
493 3294 647 3371 Achaeis,
669 3294 806 3356 reditum
826 3288 1051 3353 aunonensi.

49 3376 175 3445 Aestus
187 3380 368 3457 Piraeeum,
389 3383 530 3445 Romani
543 3384 713 3462 Corcyram
728 3384 898 3469 petierunt.

154 3552 265 3615 XXIV.
286 3552 377 3617 Duru
390 3552 470 3615 haec
483 3557 522 3614 ab
537 3554 791 3619 naualiexorcitu
800 3568 963 3637 geruntur,
973 3564 1047 3607 con-

51 3636 115 3715 tut,
135 3638 175 3704 in
194 3638 331 3702 Phocide
352 3638 394 3701 ad
415 3640 552 3703 Elatiam
572 3639 677 3701 castris
698 3639 821 3727 politiS,
836 3640 945 3729 primo
957 3632 1052 3695 collu-

52 3725 135 3851 quiis
146 3745 220 3789 rem
228 3748 292 3809 par
299 3727 467 3865 principes
478 3726 690 3895 Elau'finsqum
705 3734 866 3863 tentarit-2
887 3726 1097 3869 poltqtffiqx.
