2354 4140
99 118 167 192 358
251 68 1146 219 bieEnxQ

229 274 250 283 ··
350 221 540 301 'Usi-554·
640 220 866 295 &CN-¹88·

107 360 185 421 nos,
214 360 246 404 et
260 358 407 443 quantam
431 346 602 424 pecuniam
620 341 724 403 seeum
740 359 917 426 portarent.
964 343 1011 401 Ιιι
1009 332 1120 423 primo
1144 348 1159 376 ·'

38 424 41 429 ’
107 431 237 515 agmine
259 429 435 510 imperator
468 446 551 503 erat,
584 427 737 489 sollicitus
765 444 897 513 propter
922 427 1135 511 iniquitatem

110 521 264 580 locorum.
286 514 522 597 Thracesnihil
540 473 765 591 semoverunt,
782 515 1121 577 donecarmatttrans·
1144 518 1149 531 “

23 598 28 613 ’
112 606 210 668 irent.
262 600 425 687 postquam
452 604 572 685 primos
600 599 752 686 superasse
781 602 936 687 angustias
960 601 1123 679 viderunt,

73 744 79 763 ,
110 690 288 794 ppstremoe
302 689 447 753 nondum
461 688 763 772 appropinquantes,
770 689 1001 803 impedimenta
1017 706 1052 749 et
1065 687 1124 749 sar·

116 778 206 841 ciuas
223 775 389 840 invadunt.
410 775 569 856 caesisque
586 775 774 853 custodibus,
791 772 921 860 partim‘
923 798 971 853 ea,
992 794 1073 859 quae
1086 764 1124 837 in

19 894 28 943 2¹
114 862 265 950 plaustris
279 880 389 938 erant,
419 861 577 945 diripere,
605 865 722 946 partim
738 862 793 924 sub
810 864 969 933 oneribus
979 860 1152 946 jumenta·

113 951 308 1035 abstrahere.
325 907 429 1010 Uride
444 947 603 1032 postquam
621 954 739 1012 clamor
754 951 894 1033 primum
912 946 953 1012 a'd
968 970 1035 1026 eos,
1056 948 1122 1033 qui,

115 1035 320 1123 jamingresfi
336 1036 468 1112 saltum,
496 1034 724 1119 sequebantur,
753 1037 873 1099 deinde
888 1039 983 1099 etiam
1001 995 1044 1097 ad
1059 1035 1124 1123 pri·

18 1136 21 1151 '
116 1148 206 1186 mum
221 1145 334 1207 agmen
350 1121 393 1183 est
407 1124 559 1207 perlatus,
580 1124 732 1205 utrinque
749 1125 787 1184 in
802 1125 942 1187 medium
957 1122 1124 1187 concurri·
1147 1138 1150 1143 '

117 1228 184 1287 aur,
207 1212 240 1271 e't
252 1206 474 1272 inordinatum
489 1207 578 1270 simul
593 1212 737 1293 pluribus
752 1212 832 1273 locis
846 1212 1002 1295 proelium
1017 1207 1124 1274 conse·

116 1300 214 1361 ritur.
251 1298 392 1372 Thracas
408 1282 525 1378 praeda
542 1296 607 1376 ipsa
623 1298 793 1379 impeditos
811 1299 983 1374 oneribus,
1011 1312 1045 1361 et
1059 1296 1124 1379 ple-
1146 1310 1149 1317 '
1167 1332 1171 1339 ·

118 1404 234 1467 rosque
256 1386 307 1461 (ut
328 1383 367 1443 ad
385 1383 574 1466 rapiendum
592 1405 702 1445 manus
719 1380 833 1448 vacuas
845 1343 1048 1487 habereiit)
1039 1404 1126 1453 aner·
1146 1396 1151 1407 “

61 1470 63 1475 ’
118 1492 206 1546 mas,
235 1470 276 1530 ad
294 1469 423 1531 caedem
448 1472 599 1553 praebet3
629 1473 814 1533 Romanos
805 1488 956 1554 ansquttas
971 1473 1127 1547 locorum,

120 1557 265 1620 barbaris
281 1579 338 1639 per
352 1558 447 1618 calles
462 1574 553 1618 notos
567 1557 816 1634 occursantibus,
837 1576 869 1620 et
887 1558 1061 1619 latentibus
1076 1556 1127 1616 itt·
1170 1629 1173 1637 Ι

121 1643 251 1706 terdum
273 1665 330 1726 per
351 1663 481 1706 cavasv
463 1646 575 1721 valles,
609 1645 793 1727 prodebat,
822 1644 887 1730 ipsa
907 1645 1003 1707 etiam
1026 1662 1126 1706 onera
1155 1632 1159 1639 ’

120 1729 340 1834 plaustraque,
370 1748 405 1791 ut
424 1729 488 1792 sors
511 1733 611 1808 tulit,
629 1731 681 1792 his
693 1750 747 1793 aut
762 1731 824 1793 illis
843 1730 1051 1794 incommode
1071 1732 1126 1790 ob·

120 1820 214 1904 jecta,
226 1819 442 1902 pugnantibus
456 1816 686 1900 impedimento
700 1819 790 1881 sunt·
811 1820 885 1879 alibi
902 1818 1033 1901 praedo,
1050 1814 1127 1877 alibi

122 1905 261 1988 praedae
279 1903 401 1967 vindex
422 1903 512 1965 cadit
552 1907 646 1966 Prout
661 1904 771 1981 locus'
763 1906 892 1989 iniquus
905 1924 1060 1988 aequusve
1074 1902 1125 1963 bis
1170 1920 1173 1935 ¹

33 2038 36 2044 -
124 2009 178 2054 aut
194 1993 257 2052 alhs
266 2008 391 2077 prout
407 2012 532 2052 animus
547 2010 759 2075 pugnantium
774 1992 817 2053 est
827 2010 954 2075 prout
968 2008 1129 2065 numeros,
1167 1982 1173 2049 ι

124 2080 204 2156 (alii
214 2079 302 2139 enirn
321 2079 481 2160 pluribus,
510 2100 602 2160 quam
626 2077 683 2160 ipss
705 2095 817 2155 erant,
847 2081 903 2141 alii
918 2075 1131 2161 paucioribus,
1155 2076 1173 2148 ἦ

125 2170 353 2244 occurrerant)
376 2166 460 2225 varia
475 2186 599 2247 pugnae
620 2163 748 2227 fortuna
765 2164 834 2227 cst.¹
861 2166 953 2227 multi
977 2164 1131 2247 utrinque
1156 2158 1173 2197 ·''

125 2252 257 2315 cadunt.
307 2254 375 2315 lam
400 2271 467 2312 nox
498 2254 713 2334 appetebat,
721 2275 794 2315 eum
822 2253 945 2334 proelio
970 2248 1133 2313 arcadum
1159 2256 1173 2279 '·

96 2340 99 2345 ’
125 2340 280 2416 Thraces,
301 2357 371 2397 non
392 2336 465 2419 suga
486 2339 657 2400 uulnerum
677 2355 731 2401 aut
752 2340 880 2419 mortis,
904 2338 959 2402 sed
975 2339 1049 2423 quia
1063 2333 1143 2405 saur,
1170 2360 1173 2427 ι

37 2508 40 2513 1
126 2422 267 2508 praedae
281 2424 452 2535 habebant.
1140 2418 1165 2437 '¹

176 2599 293 2658 xtt.
310 2598 528 2660 Romanorum
543 2622 684 2683 promum
692 2623 806 2688 agmen
819 2618 909 2665 extra
923 2578 1077 2663 saltum
1046 2618 1133 2663 circa
1167 2638 1173 2678 ;

126 2689 283 2768 templum
303 2685 495 2746 Bendidium
518 2688 602 2748 casra
626 2693 696 2751 loco
718 2706 827 2773 aperto
849 2688 964 2769 posuit:
997 2708 1072 2770 pars
1093 2688 1135 2747 alo.
1160 2679 1165 2687 ’

127 2789 198 2836 tera
212 2771 253 2833 ad
266 2770 437 2832 custodiam
451 2773 755 2855 impedimentorum
775 2774 904 2838 medio
896 2797 932 2836 ιιι
944 2774 1048 2874 saltu,
1074 2772 1132 2833 du·

127 2861 243 2945 plici
228 2858 423 2921 circumdata
437 2861 536 2938 sallo,
568 2861 691 2927 mansit.
735 2862 861 2926 Postero
880 2862 951 2939 die,
979 2861 1070 2963 prius
1084 2880 1136 2921 ex
1162 2864 1165 2871 '

128 2930 254 3032 plorato
274 2945 369 3023 saltu,
403 2967 495 3028 quam
518 2966 703 3028 moverent,
735 2950 849 3033 primis
870 2948 900 3012 se
921 2949 1135 3031 conjungunt.
1165 2942 1173 2971 ⁴

129 3038 173 3096 ln
188 3056 227 3096 eo
241 3033 381 3112 proelio,
402 3036 825 3119 cumetimp'edimentorum
839 3056 912 3119 pars
928 3052 959 3097 et
974 3035 1136 3107 calonum,

130 3139 163 3185 et
177 3121 297 3181 milites
311 3120 448 3201 aliquot,
470 3144 542 3183 oum
560 3122 669 3207 passim
686 3140 753 3186 toto
768 3145 869 3205 propo
885 3120 962 3183 saltu
975 3139 1135 3204 pugnare·
1167 3144 1171 3151 ·

128 3225 201 3283 tur,
239 3206 447 3283 cecidissent,
481 3211 712 3294 plurimqu
727 3210 865 3275 Minucii
878 3208 1013 3271 Thermi
1027 3222 1147 3271 morta.

130 3253 244 3356 danini
266 3294 309 3354 est
325 3311 511 3377 acceptum,
540 3296 681 3361 sortisao
701 3290 872 3359 strenui'
844 3296 917 3359 vrri.
960 3295 1008 3356 Eo
1023 3292 1081 3355 die
1096 3291 1138 3355 ad
1170 3288 1173 3301 '

128 3382 272 3443 Hebrum
295 3380 417 3443 flumen
440 3402 643 3463 perventum
641 3382 706 3446 est.
750 3382 830 3445 inde
854 3371 1032 3446 Aeniorum
1054 3358 1145 3443 sines·

128 3466 438 3551 praeterApollinis,
446 3470 659 3551 Zerynthium
670 3492 761 3555 quem
776 3486 893 3532 vocant
907 3470 1044 3543 incolae,
1059 3484 1139 3528 tem·

129 3556 219 3636 plum
229 3552 386 3635 superant.
409 3556 501 3616 Aliae
514 3558 713 3643 angustiae
686 3580 772 3620 circa
779 3559 943 3641 Tempyra
957 3555 1137 3655 excipiunt,

128 3640 208 3716 (hoo
226 3642 299 3701 loeo
315 3661 437 3701 nomen
452 3639 513 3722 est)
527 3647 704 3707 neominus
720 3643 932 3730 confragosae,
945 3664 1039 3726 quam
1052 3640 1153 3741 prio·
1170 3660 1173 3665 '

101 3750 193 3796 res:
208 3726 303 3813 sed,
332 3729 407 3820 quia
421 3728 509 3801 nibil
523 3729 700 3804 siluestre
678 3731 839 3816 ureaest,
865 3752 910 3797 ua
925 3724 1061 3796 latebras
1059 3724 1156 3876 aggim
