2354 4140
53 334 93 399 iis
109 355 236 417 quoquc
252 334 423 395 invehatur
437 332 572 391 hostium
587 333 741 393 litoribus,
773 338 920 400 Praetore
936 344 1072 422 dimisso,

51 420 185 498 consul,
214 417 414 481 menstruum
434 418 514 500 jusso
530 419 629 479 milite
652 418 757 479 secum
776 420 881 503 serre,
910 428 1073 509 profectus

52 508 183 589 decimo
204 508 273 593 post
288 505 358 582 die,
380 528 475 587 quam
490 506 663 565 exercitum
680 526 860 590 acceperat,
892 514 1071 579 castruino·

54 600 118 663 rit:
143 614 191 673 et,
214 597 311 655 unius
331 593 396 654 diei
418 590 598 677 progressus
618 593 695 671 iter,
718 601 898 659 convocatis
919 602 1074 665 itinerum

14 681 18 690 ¹
55 682 209 759 ducibus,
242 704 334 756 cum,
368 694 570 762 exponerent
589 679 626 738 in
648 680 796 759 consiliu,
830 685 975 765 jussisset,
1013 714 1074 773 qua

53 772 189 856 quisque
208 767 359 831 ducturus
381 766 475 841 esset3
505 765 654 829 submotu
672 770 727 844 iis,
762 774 1074 855 quampotissimum

10 889 14 910 ι
53 872 198 943 peteret,
227 855 335 917 retulit
358 852 400 913 ad
413 850 588 913 confilium.
632 852 712 915 Aliis
737 878 796 941 per
809 860 956 939 Pytbiruu
970 866 1072 945 place·

54 948 109 1007 bat
124 946 196 1007 ria:
226 944 294 1003 aliis
315 962 375 1023 per
390 941 582 1001 Cambunios
602 960 746 1021 montes,
771 966 834 1025 qua
851 949 959 1028 priore
982 972 1072 1011 anno

53 1030 194 1093 duxerat
220 1026 369 1091 Hostilius
390 1025 516 1086 consul:
548 1030 616 1089 aliis
638 1046 765 1113 praeter
777 1030 967 1095 Ascuridem
985 1040 1072 1120 palu*

54 1118 142 1180 dem.
176 1116 328 1179 Restabat
344 1115 541 1196 aliquantum
556 1117 625 1177 viae
643 1118 838 1179 communis:
869 1122 973 1203 itaque
988 1124 1073 1185 inid

10 1228 15 1246 ··
54 1222 202 1289 tempus,
240 1223 303 1285 quo
325 1222 426 1285 prope
444 1199 618 1261 divortium
648 1205 801 1265 itinerum
826 1207 923 1267 castra
944 1210 1072 1291 posituri

56 1310 163 1368 erant,
180 1290 366 1353 deliberatio
381 1289 447 1370 ejus
462 1289 510 1348 rei
525 1287 685 1351 dissertur.
705 1294 746 1351 ln
755 1294 976 1355 Perrhaebiam
993 1298 1072 1359 inde

56 1378 162 1455 ducit,
202 1395 234 1439 et
255 1378 342 1437 inter
362 1373 506 1435 Azorum
530 1392 562 1435 et
582 1375 748 1438 Dolichen
771 1380 880 1442 stativa
900 1381 1011 1445 habuit
1031 1386 1073 1445 ad

56 1466 292 1529 consulendum
315 1460 439 1537 rursus,
466 1464 765 1545 quampotissimum
791 1466 962 1550 capesseret
976 1474 1071 1533 viam.

57 1558 117 1617 Per
133 1550 266 1613 eosdem
281 1548 348 1611 dies
369 1548 507 1625 Perseus,
522 1570 594 1607 cum
610 1556 869 1635 appropinquat-c
885 1555 1005 1617 bostem
1018 1561 1075 1621 sci*

57 1657 123 1717 ret,
145 1638 233 1723 quod
245 1640 306 1698 iter
319 1638 472 1721 petiturus
488 1635 563 1695 esset
578 1637 724 1718 ignarus,
745 1662 858 1699 omues
880 1640 974 1705 saltus
1000 1646 1076 1707 insi-,

10 1715 20 1800 f
59 1726 138 1790 dere
153 1724 315 1811 praesidiis
331 1724 443 1784 statuit.
467 1725 508 1781 Iu
522 1724 628 1805 jugum
645 1726 896 1785 Cambuniorum
911 1735 1072 1793 montium

10 1801 23 1894 i
59 1810 256 1891 (Volustana
274 1810 331 1895 ipsi
349 1810 477 1885 vocant)
499 1808 611 1869 decem
627 1813 725 1871 millia
739 1815 818 1873 loris
834 1831 1011 1879 armaturae
1026 1822 1071 1903 ju·

61 1919 183 1963 venum
193 1922 267 1959 curu
281 1896 362 1959 duce
375 1894 598 1979 Asclepiodoto
613 1898 726 1959 mittit:
748 1898 788 1958 ad
800 1899 971 1979 castellum,
986 1906 1073 1985 quod

22 2055 25 2062 ,
60 1984 351 2071 superAscuridcm
362 1982 514 2067 paludem
531 2000 615 2061 erat,
639 1987 812 2068 (Lepathus
827 2005 957 2048 vocatur
971 1980 1072 2065 iocus)

60 2073 195 2159 Hippias
215 2089 328 2133 tencre
351 2070 463 2131 saltum
487 2092 561 2131 cum
579 2071 749 2135 duodecim
770 2075 906 2134 millium
927 2078 1072 2137 Macedo-

58 2182 142 2222 num
166 2159 321 2245 pruelidio
347 2158 453 2241 jussor.
504 2158 573 2241 Ipse
601 2181 675 2220 cum
694 2162 823 2242 reliquis
845 2164 943 2243 copiis
967 2166 1073 2246 primo

9 2279 12 2318 ;
58 2250 147 2311 circa
160 2246 263 2309 Dium
280 2244 389 2307 stativa
411 2246 530 2305 habuit.
578 2245 715 2323 deinde,
735 2248 814 2307 arleo
829 2264 864 2305 ut
879 2250 1073 2332 obtorpuisse

10 2341 13 2348 '
57 2338 157 2419 inops
177 2332 300 2395 consilii
320 2331 500 2408 rideretur,
536 2354 609 2393 cum
630 2334 784 2415 equitibus
805 2334 959 2416 expeditis
980 2340 1073 2401 litore.

10 2433 15 2482 ἱ
57 2442 152 2484 nunc
173 2421 381 2497 Heracleum,
423 2440 516 2479 nunc
543 2420 665 2481 Philum
694 2427 915 2503 percurrebat,
957 2426 1075 2491 codem,

12 2520 15 2526 '
57 2506 139 2571 inrie
154 2507 247 2569 cursu
260 2506 364 2569 Dium
385 2524 545 2589 repetens.

140 2680 202 2742 111.
224 2680 362 2741 Interim
384 2678 506 2739 confrui
526 2676 685 2741 sententia
698 2678 782 2744 stetit
794 2704 832 2745 co
848 2682 928 2745 saltu
944 2684 1072 2760 ducere,

58 2770 118 2830 ubi
131 2781 272 2851 'propter
294 2768 507 2849 Octolophum
529 2765 665 2828 diximus
686 2771 768 2852 regis
788 2770 887 2831 castra
901 2773 929 2833 ἦ
984 2776 1074 2833 Prac-

10 2871 14 2898 ’
56 2856 146 2933 mitti
158 2872 270 2915 tamen
283 2846 418 2937 quatuor
431 2854 532 2913 millia
546 2873 737 2915 armatorum
754 2856 796 2917 ad
809 2859 879 2917 loca
893 2877 1077 2940 opportune

59 2940 327 3028 praeoccupanda
340 2942 472 3024 placuit:
498 2948 574 3021 ‚quis
587 2943 755 3026 praepositi
769 2944 842 3003 sunt
857 2946 900 3003 M.
915 2944 1073 3022 Claudius,

11 3022 15 3028 ¹
60 3032 102 3111 Q.
117 3029 258 3092 Marcius
269 3028 405 3089 consulis
419 3028 511 3088 silius.
555 3027 722 3091 confestim
738 3047 769 3090 ct
783 3028 950 3090 universae
964 3031 1076 3113 copiae

58 3114 285 3200 sequebantur.
308 3117 457 3177 Ceterum
471 3113 551 3176 adeo
566 3116 665 3175 ardua
680 3133 711 3176 et
723 3115 833 3199 aspera
847 3132 878 3175 et
889 3114 1076 3200 confragosa

60 3204 114 3267 via
128 3202 209 3279 suit,
237 3218 272 3262 ut
293 3200 451 3287 praemissi
464 3202 605 3285 expediti
628 3202 725 3262 biduo
738 3200 924 3283 quindecim
937 3204 1077 3265 millium

102 3288 210 3351 sinum
226 3310 318 3372 aegre
337 3290 454 3350 itinere
475 3288 622 3349 consecto
636 3286 735 3349 castra
749 3287 929 3370 posuerint:
959 3294 1076 3353 turrim

61 3311 226 3453 inediam,
248 3398 343 3460 quem
359 3396 492 3458 cepere,
510 3378 617 3435 locum
633 3376 809 3458 appellant.
852 3374 935 3437 Inde
949 3377 1076 3460 postero

65 3458 121 3525 die
132 3460 255 3548 septem
269 3464 371 3523 millia
384 3461 553 3545 progressi,
574 3464 695 3521 tumulo
711 3461 798 3525 haud
812 3464 923 3545 procul
938 3462 1083 3528 hostiurn

63 3536 172 3613 caruis
190 3568 301 3633 capto,
328 3549 481 3610 nuntium
504 3548 546 3610 ad
560 3547 723 3609 consulem
736 3551 920 3611 remittunt:
949 3564 1076 3634 perven-

61 3646 127 3703 ἐκ
147 3639 189 3699 ad
212 3636 316 3717 bostem
339 3634 410 3717 effe,
444 3633 505 3695 loco
519 3636 553 3720 se
582 3653 649 3697 tuto
671 3654 701 3697 et
720 3637 758 3698 au
779 3642 875 3703 omnia
902 3656 1078 3720 opportuno

60 3722 236 3827 rrusdiffn
277 3730 670 3818 ut,1mttutrxtrrdtrt
692 3727 754 3803 itu
773 3724 893 3815 fobet,
931 3724 1096 3805 tortique·

997 3824 1092 3869 retur
