2354 4140
223 106 278 171 et
294 107 320 169 Β
334 108 360 169 tt
374 106 405 167 tt
435 108 529 170 xett.
590 109 681 169 ca».
707 107 771 169 tv.
792 107 872 173 tvl.
1001 92 1065 169 ⁵55

54 192 259 219 μι-
462 192 656 205 —·-·-···
673 192 1067 213 -W———nn

260 194 470 277 m.
575 235 602 273 a.
623 216 657 271 s..
677 212 720 273 N.
748 236 815 285 t7t.

62 296 1067 319 mm*-

54 338 170 413 eodem
179 337 297 398 curulia
306 336 459 397 Rotnani>
474 356 514 393 ex
530 336 678 393 omnibus
689 336 832 409 undique
842 336 998 397 Graeciae
1012 357 1065 417 po·

56 426 145 509 pulis
160 438 401 496 convenerunt,
418 443 552 501 quorum
571 424 722 501 pleraque
738 421 832 496 (adeo
848 442 944 501 porte
958 420 1066 496 eraut)
1119 446 1122 452 ¹

57 513 97 575 in
115 510 311 573 oblivionem
326 508 472 569 adducta.
521 505 742 589 Apolloniatae
757 525 917 569 trecentos
932 509 1067 591 equitet,

58 586 192 663 centum
208 597 327 680 pedites
347 592 508 655 miserunt.
553 596 740 655 Aetolorum
765 598 831 667 alne
846 596 942 657 unius
957 594 1068 673 inrue,

55 686 214 765 quantum
230 684 267 745 iu
279 700 343 744 tots
359 700 454 763 gepte
470 680 611 761 equitum
627 699 707 757 erat,
727 698 901 744 venerant:
922 698 955 743 et
972 680 1067 745 Thes·

56 772 200 837 latorum
215 771 319 831 omnis
338 769 492 849 equitatus
508 766 665 849 separatus·
688 786 766 829 erat.
802 790 871 831 nott
891 770 959 853 plue
974 766 1069 851 qualti

59 858 201 923 trecemi
218 874 311 919 erant
330 856 451 936 equites
464 854 501 915 iu
515 854 792 917 castrisliutuanis.
821 854 942 917 Achaei
960 857 1067 939 juven·

59 946 139 1011 tutis
153 942 238 1022 suae,
259 944 383 1065 qutico
399 942 538 1004 maxime
553 956 693 1019 armatu,
709 942 751 1003 ad
765 944 852 1006 mille
868 942 1039 1007 dederunt.

139 1118 222 1185 LVI.
257 1116 321 1179 sub
334 1116 421 1177 idem
434 1131 556 1191 tempus
571 1128 603 1173 et
620 1114 656 1174 C.
671 1116 833 1179 Lucretius
848 1131 994 1195 praetor,
1013 1116 1068 1197 qui

42 1270 45 1277 ,
58 1206 195 1271 navibus
210 1203 403 1288 praeeratad
414 1201 666 1283 Cephalleniam,
678 1204 719 1262 M.
730 1205 873 1265 Lucretio
883 1203 980 1265 fratre
995 1224 1069 1265 cum

23 1300 27 1307 '
50 1291 158 1357 'classe
172 1292 263 1376 super
282 1292 416 1353 Maleam
435 1288 617 1351 Chalcidem
635 1287 711 1367 jusso
734 1308 858 1371 petere,
891 1292 954 1374 ipse
978 1290 1068 1351 trire-

60 1402 149 1451 mem
166 1376 368 1452 conscendit,
385 1374 488 1437 linum
498 1374 704 1466 Corinthium
721 1396 832 1459 petens
846 1377 887 1439 ad
902 1396 1070 1461 praeuccu·

61 1468 188 1553 pendat
206 1467 240 1527 iu
250 1464 377 1526 Baeutia
391 1483 451 1524 res.
480 1461 602 1525 tardior
617 1462 647 1523 ei
662 1464 965 1547 navigatiopropter
981 1464 1069 1527 infir·

59 1555 206 1618 mitatem
223 1550 367 1635 corporis
383 1549 451 1611 suit.
496 1550 539 1611 M.
562 1549 742 1620 Lucretius,
771 1551 956 1615 Chalcidem
978 1553 1070 1614 edre·

61 1642 177 1715 nicus,
208 1659 315 1702 cume
334 1641 365 1698 P.
382 1636 516 1699 Lentulo
535 1636 710 1695 Haliartum
724 1639 904 1721 oppugnari
924 1638 1070 1715 audisset,

60 1730 235 1803 nuntium,
262 1725 417 1805 praetoris
435 1723 556 1796 verbis,
583 1722 638 1805 qui
656 1724 826 1785 abscedere
842 1746 914 1787 eum
929 1726 1007 1789 inde
1023 1729 1069 1809 ju·

63 1816 175 1891 beret,
195 1809 287 1875 misit.
330 1815 519 1875 Boeotorum
535 1811 717 1888 juventute,
738 1832 817 1891 quae
832 1832 902 1894 pers
917 1834 990 1873 cum
1007 1812 1070 1875 Ito·

66 1902 173 1965 manle
185 1900 291 1975 siebat,
312 1920 381 1958 eam
391 1918 457 1958 rem
473 1894 625 1978 aggressus
639 1899 770 1981 legatus,
793 1900 986 1960 amuenilsus
1000 1904 1070 1963 aba·

68 1982 165 2053 cessit.
203 1990 291 2051 Haec
304 1980 536 2047 solutaobfidio
560 1985 665 2043 locum
682 1986 774 2045 alteri
796 2006 897 2047 sturae
912 1983 1071 2048 obsidioni

64 2072 167 2139 dedit.
209 2094 347 2155 namque
362 2073 523 2153 extemplo
542 2073 582 2129 M.
595 2072 758 2133 Lucretius
774 2094 844 2132 cum
862 2075 1007 2135 exercitu
1016 2094 1072 2137 ua.-

63 2162 154 2241 veliJ
176 2160 289 2223 decem
305 2159 445 2219 millibus
463 2174 679 2234 armatorum,
704 2158 742 2219 ad
760 2159 822 2220 hoe
841 2158 961 2223 duobus
976 2161 1072 2223 milli.

62 2250 123 2313 hae
138 2248 318 2331 regiorum,
340 2246 394 2327 qui
409 2244 463 2305 sub
483 2244 668 2305 Athueuaeo
681 2262 792 2322 erant,
815 2248 994 2309 Haliartum
1011 2249 1072 2311 cir.

63 2332 237 2400 cumsedits
262 2332 509 2418 parantibusque
531 2333 601 2414 jum¹
618 2352 821 2416 oppugnare,
846 2333 1031 2417 supervenit
1053 2356 1074 2399 ι

62 2422 180 2487 Cret-se
194 2437 334 2505 praetor.
379 2418 430 2481 Ad
446 2417 532 2479 idem
547 2417 616 2480 sere
637 2436 759 2503 tempus
775 2437 807 2481 et
821 2423 861 2482 ab
872 2421 962 2485 sociis
975 2442 1072 2485 uerat

14 2548 17 2553 ·
66 2508 259 2575 Chalcidem
283 2521 526 2575 convenerunt:
556 2505 637 2565 duae
656 2507 794 2568 Punicae
816 2512 1073 2591 quinqueremes,

17 2658 20 2667 ,
63 2596 148 2663 dune
159 2600 202 2661 nb
211 2597 363 2658 Heraclea
378 2614 418 2655 ex
430 2595 530 2653 Ponto
547 2588 847 2678 triremes,quatuor
855 2597 1072 2676 Chalcedone,

11 2698 15 2707 '
64 2684 200 2749 totidem
211 2682 312 2757 Semo,
327 2698 394 2743 tum
409 2680 551 2763 quinque
567 2679 714 2742 Rhodiae
727 2682 955 2761 quadriremes.
984 2687 1073 2747 Prae-

62 2766 136 2849 tor,
166 2771 240 2857 quia
252 2789 406 2851 nusquam
427 2782 497 2827 erat
514 2767 709 2827 maritimum
723 2768 860 2845 bellum,
889 2769 1010 2833 remisit
1028 2772 1072 2833 so-

65 2858 138 2923 ciis.
180 2874 215 2921 et
235 2858 275 2935 Q.
299 2855 438 2919 Marcius
466 2852 649 2913 Chalcidem
680 2856 814 2918 naribus
839 2859 944 2933 veuit,
970 2858 1074 2943 Alope

12 2996 25 3023 a
66 2960 175 3031 cepte.
199 2940 322 3018 Larilse,
343 2962 422 3019 quae
439 2940 596 3001 Cremaste
610 2939 740 3017 dicitur,
758 2962 949 3027 oppugnata.
993 2948 1074 3008 Cum

11 3096 14 3101 ,
63 3030 121 3097 llic
136 3029 232 3094 statue
253 3030 289 3091 in
310 3028 443 3091 Boeotia
466 3025 557 3103 esset,
588 3026 730 3104 Perseus,
756 3050 828 3095 cum
851 3030 892 3091 ad
906 3032 1075 3107 Sycurium

18 3170 22 3183 .
65 3116 162 3197 (ficut
179 3115 382 3181 antedictum
398 3112 458 3189 est)
471 3114 580 3175 stativa
595 3112 739 3193 haberet,
756 3114 920 3181 frumento
933 3118 1075 3203 undique

11 3230 20 3245 ⁵
65 3206 157 3271 cirita
171 3225 212 3266 ex
235 3203 317 3289 agris
339 3216 513 3277 convecto,
539 3198 580 3261 ed
602 3200 784 3263 vastandum
798 3225 907 3287 agrum
926 3205 1077 3269 Pheraeo-

11 3306 41 3377 3'
62 3314 142 3443 ‘di'
155 3288 420 3441 sitistis
435 3288 586 3435 Missis
596 3288 760 3437 {llll
778 3294 869 3441 ¹¹‘i'i‘
891 3294 1016 3459 ’ἔξω
1035 3298 1078 3357 u.

63 3440 66 3445 ,
136 3402 155 3441 r
681 3399 743 3437 ao
795 3400 868 3441 oe.
933 3402 1077 3443 nuscum

70 3464 262 3539 0⁰‚sumultu
285 3462 370 3523 nihil
391 3396 492 3523 m'dtca
513 3401 804 3543 animaduertisses,
838 3468 987 3548 praedam
1009 3470 1077 3549 qui.

11 3530 22 3593 ἶ
69 3550 163 3631 dem
191 3567 411 3635 praeterquam
434 3548 620 3617 hominum.
656 3547 786 3631 (pecore
807 3570 910 3615 autem
938 3555 1077 3619 maxime

11 3621 22 3756 ἱ
66 3640 179 3707 omnis
193 3636 319 3727 genens
333 3634 442 3712 suere)
463 3631 565 3698 divisit
579 3633 619 3697 ad
635 3637 831 3721 epulandum
846 3640 1011 3705 militibus.

11 3758 70 3868 la
1012 3808 1128 3873 suti.
