2354 4140
72 358 151 405 tum
180 341 348 423 longitudo
375 343 607 426 impedimento
633 364 720 424 erat,
761 350 872 429 gladiis
898 372 966 409 rem
987 338 1100 431 gerere

73 424 176 510 jubet.
222 426 332 506 limul,
355 452 398 491 ne
419 430 513 490 facile
529 451 788 515 perrumperetur
808 436 905 510 acies,
928 434 1100 495 dimidium

73 512 116 580 de
132 511 244 574 fronte
258 514 400 576 demtum
418 516 573 579 introrsus
587 522 743 600 porrectis
763 521 931 581 ordinibus
945 520 1097 604 duplicat,

74 616 110 660 ut
124 602 225 683 longa
241 603 365 685 potius,
389 624 483 684 quam
498 606 581 681 lata,
603 606 683 667 acies
698 607 785 670 esset.
818 606 905 666 simul
921 625 951 667 et
967 608 1099 671 densari

44 698 49 705 “
75 684 211 767 ordines
226 687 327 772 juffit,
352 706 385 748 ut
399 691 450 751 vir
464 690 552 766 viro,
575 712 662 781 apma
679 695 775 754 armis
792 695 1011 777 jungerentur.
1095 728 1099 735 ·

79 800 131 845 ·‘'
182 822 239 883 1x.
263 824 453 903 Quinctius,
482 824 553 901 ns,
576 826 631 907 qut
648 827 685 887 in
700 828 823 911 proelio
840 826 986 902 fueram,
1009 827 1099 891 inser,

75 903 165 993 ligna
190 925 223 967 et
240 910 370 972 ordines
393 910 549 993 acceptis,
576 916 652 974 tuba
668 914 723 975 dat
739 913 872 997 fignum.
916 914 1001 971 llaro
1022 915 1097 975 alias

74 1010 188 1056 tantus
203 998 323 1058 clamor
338 995 456 1058 dicitur
471 998 508 1056 in
522 999 683 1083 principio
696 1022 824 1084 pugnae
839 1016 975 1063 exortus.
1020 1010 1104 1059 nam'

75 1076 162 1143 forte
179 1098 312 1166 utraque
333 1085 416 1145 acies
437 1081 526 1144 limul
548 1088 795 1149 conclamavere.
841 1109 903 1147 nce
918 1086 1019 1146 solum
1041 1085 1097 1167 qui

75 1174 287 1251 pugnabant,
316 1167 521 1231 ledsubfidia
542 1173 654 1249 etiam,
684 1175 800 1255 quique
817 1189 883 1237 tum
904 1174 1042 1233 maxime
1059 1172 1097 1231 in

77 1256 235 1336 proelium
251 1258 436 1320 veniebant.
480 1256 608 1319 Dextro
628 1282 730 1320 cornu
746 1280 822 1335 rex,
843 1260 904 1320 loci
921 1259 1097 1343 plurimum

48 1359 53 1365 ·
85 1341 218 1421 auxilio,
246 1365 287 1405 ex
300 1345 380 1429 jugis
398 1344 562 1407 altioribus
581 1367 748 1429 pugnans,
772 1348 937 1421 vincebam
959 1344 1095 1421 finiltro,

85 1440 150 1487 tum
162 1452 232 1491 cum
249 1433 386 1495 maxime
400 1432 682 1515 appropinquante
698 1434 864 1516 phalangis
878 1450 987 1515 parte,
1014 1452 1095 1513 quae

81 1514 241 1577 noriffimi
257 1519 393 1600 agminis
412 1520 533 1591 fuerat,
563 1518 630 1580 line
651 1523 716 1581 ullo
733 1519 848 1580 ordine
866 1518 1093 1603 trepidabatur.

69 1601 188 1663 Media
209 1606 310 1681 acies,
339 1628 422 1688 quac
441 1607 573 1688 propior
589 1606 736 1667 dextrum
755 1594 857 1666 cor'nu
879 1623 965 1680 erat,
995 1604 1095 1665 [tabat

36 1720 47 1729 a
77 1686 257 1771 specta-culo
273 1694 359 1753 velut
379 1692 463 1753 nihil
486 1692 579 1753 ad'se
594 1694 788 1777 pertinentis
807 1714 932 1777 pugnae
950 1694 1092 1752 intenta:

69 1776 243 1859 phalanx,
267 1799 346 1857 quae
360 1777 511 1852 venerat,
534 1799 648 1859 agmen
662 1781 779 1860 magis,
809 1801 902 1858 (prtem
917 1780 1017 1849 acies,
1041 1800 1093 1859 ap·

78 1861 208 1940 tiorque
224 1861 352 1935 itineri,
384 1882 479 1940 quam
496 1884 640 1943 pugnae,
667 1864 801 1923 vixdum
815 1864 853 1923 in
867 1866 974 1946 jugum
993 1864 1093 1924 evaso·

78 1960 143 2002 rat.
187 1945 230 2000 In
253 1945 310 2004 hos
330 1945 553 2026 incompositos
570 1948 755 2021 QuinctiuS,
779 1970 959 2028 quanquam
980 1949 1094 2030 pedem

80 2027 262 2089 referentes
286 2029 325 2089 in
351 2029 466 2090 dextro
493 2052 595 2090 cornu
618 2031 687 2091 suos
710 2037 879 2106 cernebat,
916 2036 1093 2115 elephantls

78 2115 173 2200 prius
192 2116 231 2175 in
247 2114 368 2176 holtem
385 2116 481 2193 actis,
503 2117 656 2201 impetum
671 2116 763 2193 facit3
785 2133 869 2177 ratus
886 2133 1008 2198 partem
1025 2140 1096 2199 pro-

40 2242 57 2253 ‚.
78 2202 217 2283 {ligatam
239 2219 343 2264 cetere
361 2194 540 2265 tractitram.
588 2203 665 2263 Non
688 2203 786 2263 dubia
802 2224 851 2263 res
873 2202 942 2262 fuit.
979 2219 1096 2262 extem·
1132 2276 1136 2281 ,

40 2305 43 2309 ·
75 2291 133 2375 plo
158 2305 243 2371 terga
265 2306 390 2352 vertere
410 2289 623 2368 Macedones,
657 2307 778 2351 terrore
800 2290 904 2373 primo
927 2288 1097 2350 bestiarum

38 2396 40 2401 ·
80 2374 187 2438 av'erfi.
211 2393 266 2455 ‚et
283 2379 380 2438 ceteri
402 2377 530 2460 quidem
547 2379 604 2438 hos
622 2377 728 2461 pulsos
751 2377 983 2458 sequebantur:
1012 2398 1095 2439 unus

78 2485 98 2524 e
112 2464 252 2524 tribunis
268 2466 420 2541 militum,
444 2468 707 2549 extemplo'capto
722 2463 869 2538 conlilio,
893 2486 963 2524 cum
980 2463 1095 2545 viginti

44 2586 47 2591 ·
77 2546 240 2630 lignorum
258 2550 427 2628 militibus,
458 2553 568 2612 relicta
582 2573 619 2612 ea
635 2568 725 2635 parte
745 2550 889 2627 suorum,
913 2574 991 2632 quae
1008 2550 1095 2613 baud

79 2635 176 2697 dubie
201 2636 371 2713 vincebat,
401 2638 490 2698 brevi
510 2639 642 2699 circuitu
665 2638 813 2698 dextrum
832 2660 934 2697 cornu
957 2637 1094 2699 hostium

80 2716 222 2785 aversum
244 2724 379 2784 invadit.
424 2725 555 2787 Nullam
576 2727 674 2785 aciem
699 2729 737 2784 ab
762 2740 849 2807 tergo
871 2724 998 2785 adortus
1022 2745 1093 2785 non

78 2808 251 2885 turbasset3
273 2828 413 2871 ceterum
429 2811 468 2871 ad
485 2814 686 2877 communem
702 2813 846 2870 omnium
861 2812 899 2871 in
914 2812 970 2870 tali
984 2832 1020 2868 re
1033 2827 1093 2870 tre·

79 2895 280 2980 pidationem
301 2896 439 2972 accellit,
469 2898 553 2979 quod
569 2899 713 2980 phalanx
733 2898 961 2970 ll'lacedonum,
990 2897 1092 2976 gravis

84 2999 176 3062 atque
193 2984 381 3060 immobilis,
412 3006 474 3046 nec
495 2986 706 3066 circumagere
729 2983 916 3067 saporaret,
944 3003 1006 3042 nec
1022 2984 1093 3058 hoc,

86 3071 141 3155 qui¹
155 3093 173 3130 a
187 3071 313 3146 fronte,
344 3073 439 3153 paulo
458 3088 534 3133 ante
551 3071 666 3154 pedem
686 3071 882 3144 relerentes,
904 3086 990 3129 :tunc
1009 3072 1094 3129 ultro

83 3157 203 3219 territis
229 3157 410 3232 instabant,
448 3159 662 3240 patiebantur.
712 3156 765 3216 Ad
788 3157 865 3231 hoc,
901 3158 971 3216 loco
999 3158 1094 3217 etiam

36 3293 40 3299 .
79 3247 329 3329 premebantur,
360 3245 433 3329 quia
452 3248 577 3329 jugum,
608 3265 648 3304 ex
666 3265 728 3325 quo
747 3259 987 3325 pugnaverant,
1018 3243 1096 3303 dum

79 3342 143 3417 pe'r
162 3322 302 3414 proclive
327 3329 432 3412 pulsos
455 3332 687 3413 insequuntur,
727 3327 927 3389 tradiderant
951 3328 1033 3389 hosti
1054 3326 1096 3389 ad
1158 3384 1161 3391 .

55 3487 58 3491 .
80 3432 170 3518 terga
184 3416 239 3477 sua
254 3416 479 3482 circumducto.
513 3419 673 3503 Paulispets
685 3418 723 3475 in
737 3415 842 3476 medio
855 3414 943 3493 caefi,
964 3412 1095 3491 deinde,

81 3501 202 3569 emistis
216 3498 362 3587 plerique
379 3504 495 3582 armis,
520 3504 685 3587 capessunt
703 3502 820 3585 fugam.

51 3648 54 3653 ·
87 3666 89 3671 -
139 3622 145 3640 ²
185 3623 222 3681 X.
266 3621 437 3708 Philippus¹
464 3643 535 3681 cum
570 3619 678 3702 paucis
711 3620 855 3705 peditum
891 3608 1098 3702 equitumque

79 3706 189 3793 primo
205 3706 518 3811 tumulum'altiore'm
534 3707 625 3775 inter
644 3721 769 3778 ceteros
785 3710 899 3801 cepit,
913 3722 955 3767 ut
968 3700 1125 3849 lpecupq·x

109 3843 112 3847 ⁸
216 3820 251 3829 '¹
487 3807 489 3811 ⁴
923 3858 928 3873 Ι
1021 3807 1073 3875 'W
1127 3820 1146 3861 ’ς
