2354 4140
104 113 905 218 ωψωωι·
1068 186 1072 194 .

253 235 256 244 ·
633 222 786 285 utin„
839 202 1119 282 “.’““”““““““”’”

188 327 250 391 XL·
295 344 394 427 Regia
409 344 489 404 acies
506 348 590 405 vat-'ta
608 344 704 427 tnagis
723 345 828 403 multis
844 344 1009 426 gentibus,
1030 343 1114 405 dissi.

104 421 290 488 militudine
311 452 473 495 armorum
488 432 743 512 auxiliorumque
764 444 841 491 erat.
885 430 996 490 decem
1013 430 1114 493 etse!

103 510 206 571 mllll³
221 517 365 592 peditum
383 537 471 579 more
481 517 692 579 Macedonum
709 515 819 577 armati
836 514 936 590 suere,
962 516 1019 598 qui
1036 520 1111 599 pha·

80 634 83 638 -
103 599 239 677 latagitae
253 606 504 686 appellabantur.
550 605 630 667 haec
645 602 749 666 media
769 605 851 665 acics
865 604 926 665 suit
940 604 977 662 in
991 602 1112 682 stante,

102 685 140 745 in
156 685 267 751 decem
284 709 388 773 partes
404 690 509 759 diuisa.
554 693 658 755 Partes
674 707 724 753 ea's
737 690 931 773 interpofitis
947 690 1034 751 binis
1044 694 1113 753 ele.

101 771 232 852 phantis
253 778 483 863 distinguebat:
518 800 535 839 a
558 776 665 840 fronte
685 778 840 839 introrsus
861 780 898 838 in
913 778 992 839 duos
1005 794 1039 839 et
1052 780 1110 839 tri.

101 860 189 939 ginta
212 865 341 928 ordines
363 883 554 927 armatorum
573 869 655 927 acies
679 860 811 946 patebat.
856 866 918 925 hoc
938 881 970 924 et
986 866 1110 947 roboris

100 948 138 1005 iu
154 951 245 1031 regiis
264 956 362 1035 copiis
376 968 461 1029 erat,
490 968 539 1028 et,
569 952 707 1037 perinde
722 974 793 1013 cum
811 953 870 1011 alia
887 951 1009 1035 specie,
1037 952 1107 1013 ¹tum

99 1032 316 1102 eminentibus
332 1058 456 1118 tannim
472 1042 558 1100 inter
578 1056 709 1101 armatos
733 1040 930 1119 elephantis,
956 1058 1107 1121 magnum

99 1135 255 1185 terrorum
272 1132 452 1210 praebebat.
498 1130 643 1209 lugentes
661 1124 718 1210 ipst
734 1144 836 1187 erent.
864 1116 1026 1186 addebant
1041 1122 1106 1207 spe.

99 1208 180 1267 ciem
197 1211 364 1288 howalia,
386 1233 417 1274 et
433 1212 559 1288 cristae,
581 1234 613 1275 et
629 1229 716 1297 tergo
732 1211 892 1295 impositae
906 1230 1020 1285 turres,
1038 1228 1106 1273 tur.

98 1298 249 1377 tibnsque
265 1300 484 1384 superstantes,
499 1321 623 1381 praeter
633 1320 800 1374 rectorem,
819 1300 967 1378 quaterni
978 1299 1105 1360 armati.

99 1382 151 1441 nd
174 1386 251 1457 latus
273 1388 440 1449 tlexterum
466 1388 719 1471 phalangitarum
742 1390 831 1450 tuille
857 1406 889 1448 ct
915 1380 1106 1469 quingentos

98 1468 219 1551 equites
243 1477 523 1552 Gallograecorum
546 1474 697 1557 opposuit.
751 1474 878 1535 histria
900 1473 1003 1533 millia
1019 1475 1105 1552 equi,

98 1571 164 1615 lunt
188 1562 391 1621 loricatorum
414 1554 645 1642 (cataphractos
669 1559 725 1645 ipsi
750 1562 925 1643 appellant)
942 1558 1103 1640 adjunxit.

97 1642 204 1707 addita
216 1646 265 1708 his
281 1653 329 1710 ala
345 1648 541 1712 milleforme
559 1650 714 1727 equitum:
735 1668 841 1729 agema
856 1669 925 1735 capt
937 1650 1104 1725 vocabant.

96 1731 183 1798 Medi
201 1754 292 1797 erant
307 1736 382 1797 lecti
397 1736 477 1809 riri,
516 1753 549 1797 et
563 1734 704 1816 ejusdem
726 1735 866 1818 regionis
882 1734 972 1793 mimi
990 1736 1103 1793 multa.

96 1837 167 1875 vum
188 1825 329 1902 getulium
345 1825 476 1904 equitet.
519 1822 690 1884 continens
712 1821 763 1883 his
785 1842 862 1906 grex
885 1820 1021 1881 sedecia:
1039 1822 1102 1879 ela.

96 1904 289 1985 pltatttorutn
309 1910 355 1972 est
375 1908 531 1993 oppositus
557 1909 591 1969 in
615 1908 772 1970 suissttliis:
804 1910 844 1967 ab
866 1908 975 1967 eadem
1000 1924 1102 1987 parte,

95 1994 255 2070 paululum
273 1998 427 2080 producto
443 2018 555 2073 cornu,
583 1998 665 2077 regia
690 1996 803 2055 cohors
824 2010 910 2054 erat:
949 1997 1100 2073 Arg-gyrat·

95 2078 183 2159 pidet
199 2105 214 2141 a
233 2103 349 2165 guttere
363 2106 522 2145 armorum
539 2086 788 2164 appellabantur.
833 2082 947 2141 Dahae
962 2076 1099 2153 deinde,

94 2168 212 2246 equitus
230 2171 398 2253 sagittarii,
420 2170 509 2230 mille
527 2170 716 2243 etducenti.
760 2186 826 2228 tum
840 2169 918 2227 lctis
935 2182 1113 2226 armatura-

95 2258 190 2315 triuua
207 2261 360 2333 millium,
381 2259 445 2338 pari
465 2257 564 2316 sertne
579 2249 716 2315 numeru
730 2276 800 2337 pars
816 2253 999 2327 Cretenses,
1023 2252 1098 2335 pars

102 2342 224 2407 t'rattes.
248 2345 310 2406 duo
325 2344 426 2404 millia
447 2361 478 2402 et
499 2334 666 2424 quingenti
681 2340 761 2422 Mysi
777 2340 937 2423 sagittariis
950 2338 1098 2421 adjuncti

92 2445 194 2499 etattt.
217 2430 402 2491 Extremum
417 2452 519 2490 curun
535 2428 726 2489 claudebant
740 2438 875 2509 quatuor¹
887 2427 984 2488 miliia
992 2426 1097 2494 ,mixti

71 2540 74 2547 ¹
91 2517 217 2593 <tyrtaei
235 2513 419 2592 funditores,
435 2515 624 2593 etlilymaei
641 2515 796 2598 sagittarii.
821 2515 872 2578 Aa
889 2512 975 2573 laert>
993 2532 1097 2573 cornu

91 2601 277 2684 phalangitis
299 2603 441 2683 adjuncti
470 2617 568 2662 eraut·
588 2602 782 2684 Gallograeci
803 2602 925 2681 equites
948 2600 1037 2660 mtu'e
1060 2616 1095 2661 et

91 2688 275 2775 quingenti:
305 2708 337 2750 et
354 2688 497 2753 similiter
519 2688 568 2748 his
591 2691 701 2750 armati
725 2689 789 2748 duo
810 2688 911 2749 millia
928 2685 1094 2767 Cappado-

89 2791 178 2837 u'nm:
198 2778 252 2851 (ab
275 2776 444 2838 Ariarathe
467 2774 547 2835 missi
568 2793 662 2838 erant
684 2777 782 2859 regil'
819 2773 899 2834 lude
921 2765 1095 2835 attxiliasres

90 2864 181 2924 ,ttixti
197 2863 340 2928 omnium
355 2885 507 2948 generum
519 2863 580 2923 duo
594 2863 695 2923 millia
712 2878 743 2923 et
757 2860 961 2943 septingenti,
981 2867 1013 2921 ei
1029 2862 1094 2922 tria

89 2952 187 3011 millia
209 2952 507 3036 captaphracturum
524 2952 682 3029 equitum,
712 2964 744 3023 et
764 2949 853 3009 mille
875 2945 928 3007 alii
949 2947 1095 3029 equites,

86 3036 168 3119 rugia
189 3042 237 3099 ala
262 3039 431 3101 leuioribus
453 3038 642 3120 tegumentis
672 3035 732 3095 suis
754 3054 991 3116 equorumque,
1025 3034 1102 3104 alin,

86 3124 171 3185 haud
186 3123 321 3187 dissimili
345 3126 471 3189 habitu:
498 3125 572 3205 Syri
592 3124 736 3205 plerique
757 3138 850 3184 erant
866 3118 1040 3205 Phrygibus
1059 3134 1093 3181 et

87 3212 180 3291 hydis
193 3212 343 3274 immixti.
387 3212 474 3274 Ante
491 3212 579 3271 hunc
603 3210 751 3292 eqitatum
768 3207 898 3270 falcatae
920 3206 1102 3288 quadrigae·

86 3322 116 3361 et
132 3302 263 3376 cameli,
283 3319 359 3380 quus
377 3300 538 3381 appellant
553 3298 729 3357 dromedas.
756 3296 807 3357 hit
821 3293 1001 3355 insidebant
1011 3292 1092 3373 Ara.

86 3394 138 3448 hes
153 3384 319 3470 sagittarii,
339 3386 461 3469 gladios
483 3386 636 3445 habentes
653 3400 782 3457 tenues,
803 3384 915 3462 longos
934 3396 1090 3461 quaterna

84 3477 207 3551 uoluta,
230 3496 262 3541 ut
278 3498 320 3535 ex
334 3490 421 3534 tanta
437 3472 603 3533 altitudine
620 3471 807 3551 contingere
821 3468 941 3532 hostem
955 3464 1090 3548 possent.

84 3566 165 3626 susle
181 3564 243 3627 alia
257 3560 442 3632 multitudo,
466 3582 523 3642 pur
542 3560 587 3632 ei,
607 3576 686 3638 quae
701 3559 737 3614 in
752 3552 866 3617 dextro
881 3574 984 3615 cornu
1000 3570 1091 3629 erat3

84 3653 181 3713 primi
197 3647 388 3720 Tarentini,
416 3644 535 3708 deinde
552 3642 998 3725 Gauogruecorum2·equitum
1022 3638 1089 3701 duo

65 3722 170 3806 {tillia
204 3751 237 3800 et
258 3734 454 3825 quingenti,
480 3732 560 3814 inde
578 3730 755 3795 Neocretes
765 3730 881 3805 ,taille,
915 3744 949 3789 et
972 3725 1090 3787 eodem

219 3840 221 3845 '
430 3828 439 3839 ‘
975 3830 1099 3873 armatu-
