2354 4140
137 110 199 172 ιιι
245 76 250 85 ’
324 50 646 170 ιιιιιιιιιιιιιιιν
685 106 775 169 (ιι.
784 46 993 187 arsuri

130 186 1142 213 Μαι--ι--ι--η--αι-ι*

302 214 512 289 ΗΗΩ557

133 286 537 312 ιἰ--ι--δ-ι--Ι--ᾲ
740 294 1141 313 m

134 356 226 395 nunc
251 333 380 416 proeliis
402 318 600 409 lacessendo,
623 310 714 395 nunc
737 331 886 415 operibus
901 332 1144 436 intersepiendc

135 418 308 503 quaedam
329 441 374 477 ne
387 419 501 481 exitus,
504 416 546 479 ad
558 416 668 500 sugam
680 416 765 477 essct.
812 416 869 477 His
887 419 1145 482 comminationi·

135 445 194 567 lius
224 504 400 588 compulsus
435 518 594 586 tyrannus
608 504 830 605 Pythagoram
852 502 960 564 rursus
983 518 1145 568 oratorem

136 593 233 668 misit,
260 614 356 673 quem
380 592 548 671 Quinctius
567 592 672 672 primo
696 586 898 673 aspernatum
923 590 1081 653 excedere
1096 617 1143 655 ca

136 679 206 741 stris
226 677 318 761 jussit.
362 675 484 738 deinde
506 677 690 759 suppliciter
713 693 876 751 orantem,
896 675 1143 780 advolutumque

136 768 288 866 genibus,
316 763 446 824 tandem
468 762 596 824 audivit.
639 765 743 825 Prima
757 764 858 823 oratio
873 760 934 823 suit
947 767 1057 825 omnia
1071 782 1144 849 per·

134 853 290 913 mittentis
306 851 682 911 arbitriollomanorum:
693 849 794 926 -dein,
816 872 888 909 cum
906 870 944 911 ea
957 842 1044 912 velut
1056 874 1146 915 vana

135 956 167 999 et
192 938 259 999 line
281 936 399 999 effectu
421 937 505 998 nihil
519 936 729 1019 prolicerenn
752 958 790 997 eo
806 935 941 996 deducta
952 956 1004 999 res
1017 935 1106 1013 est,
1105 954 1144 999 ut

134 1025 185 1088 his
208 1022 461 1097 conditionibus,
491 1044 572 1103 quae
598 1044 640 1085 ex
662 1022 777 1113 scripto
799 1022 907 1105 paucis
929 1038 1002 1083 ante
1018 1020 1139 1085 diebus

135 1109 239 1171 editae
261 1126 368 1184 erant,
398 1108 548 1181 induciae
578 1110 707 1169 fierent:
746 1110 946 1195 pecuniaque
965 1126 997 1169 et
1013 1102 1144 1172 obfides

113 1197 264 1280 'accepti
307 1194 396 1255 Dum
420 1196 581 1279 oppugnat
583 1210 620 1254 ur
640 1214 817 1276 tyrannus,
851 1190 979 1279 Argivi,
1005 1196 1144 1269 muntiis

61 1330 65 1337 ι
136 1286 204 1346 aliis
233 1304 333 1365 propa
360 1282 454 1364 super
477 1282 553 1343 alios
574 1280 800 1358 afferentibus,
837 1298 961 1343 tantum
982 1302 1056 1342 non
1075 1272 1151 1365 pun

136 1387 260 1452 captam
274 1367 546 1428 Lacedaemonem
561 1367 633 1444 esse,
651 1369 750 1430 erecti·
761 1385 794 1428 et
809 1367 881 1451 ipsi,
901 1367 989 1427 fimul
1005 1388 1044 1429 eo
1056 1366 1145 1450 quod

136 1456 325 1539 Pythagoras
354 1477 427 1514 cum
452 1472 577 1537 parte
567 1453 754 1545 ‚validissima
779 1453 944 1547 praesidii
956 1452 1141 1531 excesserat,

136 1557 296 1602 contemta
317 1543 472 1623 paucitate
495 1563 623 1617 eorum,
645 1536 755 1623 quiin
770 1557 966 1616 arceamur,
988 1539 1141 1602 duceAr-

135 1628 252 1711 chippo
282 1626 435 1709 quodam,
467 1626 657 1711 praesidium
672 1624 879 1728 expulerunt.
925 1586 1141 1688 Timocratem

135 1712 365 1791 Pellenensem,
387 1716 461 1797 quia
472 1714 676 1774 clementer
664 1712 854 1797 praefuerat,
873 1715 980 1774 vivum
995 1712 1058 1775 lide
1067 1713 1142 1775 data

136 1800 318 1861 emiserunt.
370 1802 452 1861 Huic
477 1801 613 1861 laetitiae
637 1800 804 1878 Quinctius
827 1799 1028 1882 supervenire
1062 1820 1142 1884 paca

136 1876 209 1948 data
223 1904 382 1968 tyranno,
406 1886 597 1968 dimissisque
614 1890 652 1946 ab
670 1885 908 1946 Lacedaemone
920 1886 1086 1964 Eumene,
1102 1901 1141 1949 et

134 1972 286 2050 Rhodiis,
313 1990 346 2033 et
366 1977 400 2037 L.
417 1911 567 2055 Quinctil)
583 1972 681 2033 fratre
698 1972 739 2032 all
751 1971 887 2050 classem.
929 2006 931 2011 ·

171 2188 174 2193 ·
234 2149 312 2207 XLI.
338 2148 431 2211 Laeta
454 2145 562 2206 civitas
583 2147 826 2207 celeberriuutm
849 2140 997 2207 sessorum
1013 2145 1144 2209 dierum·

134 2257 171 2294 ac
194 2234 304 2295 nobile
327 2230 486 2290 ludicrum
507 2232 719 2307 Nemeorum,
746 2233 798 2292 die
821 2231 898 2295 stata
912 2230 1147 2315 proptertbelli¹

134 2322 218 2383 mala
232 2315 527 2400 praetermissum,
518 2338 556 2377 ιιι
572 2317 894 2378 atlrcntumRomani
909 2320 1066 2381 exercitus
1082 2318 1138 2380 du-

41 2437 44 2447 ·
134 2409 240 2485 cisque
256 2403 468 2477 indixerunt,
489 2401 777 2493 praefeceruntque
789 2403 871 2464 ludis
885 2404 1010 2487 ipsum
1001 2400 1140 2509 tuipara-

132 2507 245 2549 torem.
290 2490 401 2560 lllulta
412 2504 526 2563 erant,
561 2511 639 2569 quae
665 2486 813 2572 gandium
836 2493 1058 2552 cumularent'
1089 2494 1140 2554 re·-

135 2575 259 2637 ducti'
234 2595 316 2636 cives
330 2576 370 2632 ab
388 2572 624 2637 Lacedaemone
638 2582 767 2651 erant,
773 2598 850 2659 quos
865 2598 971 2659 nuper
982 2578 1138 2661 ''Pythago-

132 2683 202 2735 ras,
230 2681 369 2745 quosque
391 2676 466 2719 ante
487 2661 586 2721 Nabis
610 2662 747 2723 abduxet
738 2680 827 2723 ant:
869 2662 1051 2739 redierant,
1082 2663 1139 2746 qui

132 2746 201 2851 post
225 2762 418 2830 compertam
444 2769 462 2806 a
486 2749 660 2831 Pythagora
680 2751 951 2832 conjurationem,
985 2766 1016 2811 et
1038 2748 1140 2811 caedo

131 2837 197 2914 ‘jam
219 2834 400 2918 coepta,el
368 2831 562 2916 elfuoeranr:
594 2836 769 2895 libertatem
784 2858 824 2895 ex
840 2838 938 2921 longo
954 2837 1137 2911 intervallo,

132 2922 347 3004 libertatisque
367 2936 507 2981 auctores
526 2920 706 3000 Romanos,
738 2925 850 3004 quibus
874 2921 965 2983 causa
992 2920 1139 2985 bellandi

133 3029 206 3066 cum
231 3026 371 3089 tyranno
394 3004 451 3088 ipfi
472 3004 620 3083 fuissent,
650 3014 835 3069 cernebant.
879 3007 988 3068 testata
1010 3020 1140 3091 quoque

130 3093 197 3176 ipso
217 3097 413 3156 Nemeorum
438 3091 489 3153 die
513 3116 588 3154 voce
590 3097 777 3239 spraeconis
801 3096 929 3155 libertas
945 3093 988 3153 est
1003 3094 1137 3178 Argivo·

130 3202 211 3240 rum
220 3180 369 3243 ,Achaeis
384 3196 538 3263 quantum
552 3180 684 3241 restituti
699 3180 799 3264 Argi
791 3203 828 3245 tn
844 3202 1015 3241 commune
1025 3162 1131 3243 Ache

132 3268 179 3343 jae
193 3270 364 3331 concilium
378 3266 515 3328 laetitiae
529 3265 727 3343 afferebant3
749 3283 872 3338 tantum
881 3267 971 3328 serva
978 3262 1134 3329 Lacedae

130 3375 209 3413 ιιιοιι
228 3336 355 3429 relicta,
390 3353 482 3413 lateri
503 3351 682 3425 adhaerens
701 3354 853 3434 tyranni,
886 3374 957 3413 non
975 3353 1139 3415 sinaeum

128 3438 278 3521 gaudium
292 3443 381 3522 prael
369 3440 471 3498 l.rebat
521 3437 626 3499 Aetoli
640 3461 716 3501 vero
733 3461 803 3500 eam
816 3461 886 3501 rem
898 3440 1141 3503 omrdbutcc'n·

129 3526 211 3585 ciliis
240 3528 387 3586 lacerare.
452 3522 525 3585 Cum
548 3519 630 3585 Plu
608 3526 690 3606 bppo
713 3547 771 3587 nun
793 3547 857 3587 anre
880 3522 999 3598 destrunt
1020 3525 1137 3605 bellam,

128 3630 215 3694 quant
228 3609 357 3673 aurailus
371 3608 524 3671 excederit
540 3608 681 3673 Graeciae
694 3611 827 3675 urbibus.
856 3610 995 3713 Tyranno
1002 3610 1136 3675 'reliam

94 3695 382 3763 .Lacedamoren.·
410 3716 510 3785 regen
527 3715 623 3761 curm
641 3696 823 3786 aginanum,
858 3701 932 3780 qui·
928 3702 969 3760 -t'r
979 3696 1135 3763 *namra

1029 3780 1137 3861 suarm
