2354 4140
107 123 171 203 595
343 108 500 189 itanu
522 111 631 173 niv.
674 86 886 179 maini.

109 192 719 221 W

218 235 221 241 ‚
300 219 483 287 o.u.;3>15.
692 187 1124 293 aT‘essi‘T'uqss'*

22 296 25 315 Ι
109 292 913 321 Μη-Δ--σ--υω--ι--ι--ι--π

111 334 338 426 persultabant'.
362 338 444 395 Huic
462 334 613 395 testudini
629 332 787 411 simillima
797 331 879 413 parti
896 331 981 389 muri
989 328 1121 403 adinou,

113 451 186 488 cum
196 426 308 485 armati
322 421 533 505 superstantes
548 419 717 494 subissent,
736 416 1025 501 propugnatoribus
1041 415 1127 475 nutri

113 513 235 594 fastigio
260 509 435 569 altitudinis
453 511 686 589 aequabantur:
715 504 912 588 depulsisque
933 503 991 579 iis,
1017 504 1056 563 in
1072 497 1125 562 ur-

107 594 189 663 bem
206 598 342 658 duorum
360 594 519 675 lignorum
533 596 648 655 milites
664 591 957 653 transscendenmt.
1004 590 1046 650 Id
1059 607 1124 649 tnn-

114 705 183 761 tum
198 679 344 745 dissimile
362 680 438 755 suit,
469 681 571 763 quod,
603 696 634 740 et
655 681 695 740 in
711 677 820 737 fronte
835 696 993 753 extrema,
1040 693 1127 751 etex

76 774 78 779 ’
107 774 275 847 lateribus,
292 769 349 829 soli
364 788 434 827 non
450 760 611 829 habebant
622 765 719 847 super
734 766 836 847 capita
851 765 954 824 delata
969 758 1124 838 scuta,·ne

108 858 281 925 nudarent
298 875 448 937 corpora,
463 853 526 915 -sed
548 869 706 935 praetecta
723 853 936 935 pugnantium
956 872 1057 911 rnore.
1077 849 1126 910 ita

109 966 180 1006 nec
193 942 276 1025 ipsos
286 943 359 1001 <tela
375 963 415 1001 ex
429 964 521 1001 muro
535 939 626 999 missa
639 938 820 999 subeuntes
833 937 1010 1020 laeserunt,
1039 952 1127 997 ette-

35 1056 37 1061 ·
75 1090 80 1096 .
117 1030 369 1112 [tudini-injecta
384 1029 493 1087 imbris
511 1025 695 1087 in-modum
716 1027 839 1085 lubrico
847 1024 973 1109 fastigio
991 1023 1129 1086 innoxia

109 1118 161 1187 ,ad
181 1120 284 1179 imum
302 1117 501 1175 labebantur.
526 1110 587 1173 ¹Et
608 1111 733 1189 consul,
763 1128 854 1195 capto
875 1115 940 1196 jam
962 1112 1129 1185 Heracleo,

119 1203 220 1274 cast'ra
239 1223 281 1263 eo‘
298 1203 473 1284 promovit3
502 1217 656 1280 tanquam
668 1199 788 1274 Dium,
818 1215 929 1281 atque,
952 1198 1032 1263 inde
1043 1197 1151 1257 sumi

67 1352 70 1357 ,
118 1307 205 1352 moto
219 1309 309 1369 rege,
332 1288 369 1347 in
384 1288 519 1347 Pieriam
538 1287 633 1347 etiam
646 1284 872 1369 progressurus.
902 1285 974 1362 Sed,
990 1286 1131 1346 hiberna

117 1380 184 1461 jam
199 1394 411 1457 praeparans,
427 1374 492 1434 vias
509 1375 732 1441 commeatibus
749 1371 962 1434 subvehendis
976 1394 1017 1433 ex
1032 1370 1131 1449 Thes-

119 1463 195 1524 salia
209 1460 330 1520 muniri
342 1461 445 1543 jubet,
461 1477 492 1519 et
507 1460 580 1541 eligi
596 1461 717 1520 horreis
733 1462 914 1543 opportuna
927 1462 1012 1536 loca,
1030 1477 1133 1520 tecta-

98 1544 366 1639 2queaedificari‚
376 1549 438 1608 ,ubi
453 1545 606 1611 diversari
618 1556 782 1632 portantes
791 1554 981 1608 commeatus
992 1547 1133 1631 possent.

200 1724 239 1783 is.
269 1720 412 1797 PerseuS,
434 1721 566 1793 tandem
583 1744 602 1782 a
616 1744 733 1807 pavore
747 1737 801 1801 eo,
825 1746 886 1805 quo
902 1724 1053 1784 attonitus
1066 1719 1134 1781 sue-

121 1826 190 1891 rat,
211 1824 340 1891 recepto
364 1811 489 1885 animo,
511 1810 623 1887 malle,
647 1811 790 1893 imperiis
808 1809 868 1871 suis
886 1814 956 1872 nori
970 1813 1134 1892 obtempe-

121 1913 227 1957 ratum
239 1895 330 1972 .esse,
343 1903 426 1956 *cum
438 1895 610 1979 ‘trepidans
625 1918 735 1979 gazam
744 1897 787 1956 vin
806 1919 895 1959 mare
910 1898 1004 1981 dejici
1017 1898 1133 1967 Pellae,

122 1981 364 2055 Thessalonicae
377 1984 504 2044 navalia
512 1981 639 2062 jusserat
647 1982 791 2045 incendi.
807 1983 1024 2061 AndronicuS,
1034 1981 1134 2055 Thes·

40 2104 43 2109 ·
117 2070 296 2151 salonicam
307 2069 433 2145 missus,
464 2085 603 2129 traxerat
618 2088 760 2153 tempus,
782 2068 937 2155 idipsum
951 2070 1034 2155 quod
1051 2068 1132 2128 acci-

122 2155 189 2232 dit,
220 2156 441 2239 ‚poenitentiae
463 2157 656 2237 relinquen-s
686 2159 800 2216 locum.
839 2161 1009 2219 incautior.
1021 2157 1146 2217 Nicias

122 2245 226 2305 Pellae
239 2242 440 2324 projiciendo
454 2244 610 2324 pecuniae
622 2260 764 2324 partem,
788 2245 872 2325 quod
887 2245 991 2311 suerat
1002 2260 1142 2315 nactust

123 2328 177 2399 sed
190 2332 227 2389 in
236 2350 310 2389 »rem
321 2327 565 2391 emendabilem
576 2329 658 2390 visus
672 2329 775 2412 lapsus
796 2330 874 2408 esse,
899 2333 985 2415 quod
995 2353 1057 2414 per
1072 2331 1132 2390 uri*

123 2431 251 2474 natores
265 2412 477 2476 omne'serme
492 2432 672 2483 extractum¹
682 2416 733 2477 est.
761 2431 930 2501 tantusque
946 2418 1052 2502 pudor
1065 2417 1132 2500 regi

122 2502 250 2582 pavoris
273 2501 338 2583 ejus
360 2500 447 2578 suit,
472 2518 509 2561 ut
528 2505 707 2564 urinatores
729 2505 812 2562 clam
831 2506 972 2566 interfici
993 2504 1131 2588 jusseuit,

124 2585 244 2646 deinde
260 2585 488 2653 Andronicum
503 2610 626 2671 quoque
642 2606 673 2649 et
686 2590 823 2667 Nician,
853 2612 898 2652 ne
914 2594 983 2675 quis
998 2584 1129 2651 tam'de-
1168 2598 1171 2673 j

123 2673 243 2733 mentis
257 2673 385 2754 imperii
400 2674 542 2735 conscius
563 2674 717 2737 existeret.
741 2679 831 2739 Inter
845 2679 1128 2750 haecciuarc'us,
1168 2698 1171 2725 ¹

124 2779 196 2818 cum
211 2757 304 2818 classe
316 2762 355 2818 ab
366 2762 518 2820 Heracleo
526 2754 781 2823 Thessalonicam
790 2764 960 2849 profectus,
973 2782 1010 2825 et
1022 2784 1130 2847 agrum
1168 2766 1171 2809 ῐ

57 2922 60 2929 Ι
123 2846 268 2930 pluribus
288 2846 380 2923 locis,
406 2845 551 2930 expolitis
565 2868 623 2929 per
635 2850 729 2909 litora
742 2853 887 2928 armatis,
912 2856 975 2913 late
991 2850 1129 2925 vastavit,

78 3004 81 3009 Ι
125 2950 156 2993 et
166 2950 395 3015 procurrentes
410 2936 450 2993 ab
464 2936 559 3009 urbe,
574 2933 722 3013 secundis
736 2941 854 3021 aliquot
867 2941 1014 3020 proeli-is,
1036 2938 1130 3019 trepi-

124 3017 181 3079 dos
203 3020 289 3079 intra
310 3021 440 3081 moenia
462 3021 622 3102 compulit.
666 3023 791 3105 jamque
812 3023 870 3107 ipsi
886 3028 958 3087 urbi
979 3014 1144 3085 terribilis

123 3122 208 3195 erat,
229 3128 317 3182 cum,
338 3104 491 3189 dispositis
506 3108 611 3171 omnis
631 3112 757 3189 generis
774 3114 956 3189 tormentis,
976 3133 1050 3171 non
1064 3109 1132 3192 vagi

123 3190 220 3251 modo
235 3192 319 3266 circa
332 3194 464 3269 muros,¹
487 3191 607 3253 temere
628 3197 938 3280 appropinquantes,
965 3197 1131 3261 sedetiam

124 3278 180 3357 qui
195 3278 232 3335 iu
247 3279 381 3341 navibus
396 3294 503 3355 erant,
524 3279 607 3341 saxis
624 3296 783 3347 tormento
797 3289 1006 3348 emicantibus
1022 3306 1132 3367 percu-

125 3362 294 3425 tiebantur.
339 3362 504 3427 Revocatis
526 3368 621 3449 igitur
640 3368 678 3428 in
699 3391 796 3433 naves
812 3375 980 3449 militibus,
1010 3370 1131 3433 omissa·

124 3468 186 3530 que
202 3449 443 3512 Thessalonicae
467 3474 508 3535 op
531 3455 720 3536 ugnatione,
748 3456 886 3520 Aeniam
906 3460 983 3522 inde
1006 3474 1132 3539 petunt·-
1156 3458 1162 3485 ¹

122 3533 309 3616 quindecim
328 3539 429 3598 millia
449 3476 592 3621 passiium
614 3563 650 3601 ea
667 3546 741 3604 urbs
758 3545 859 3621 abest,
890 3544 1038 3608 adversus
1055 3542 1134 3625 Pyd·
1155 3564 1160 3569 ·

97 3694 101 3700 .
122 3642 207 3695 nain,
216 3622 330 3707 polita,
353 3623 452 3684 fertili
466 3646 548 3707 agro.
579 3629 773 3692 Pervastatis
790 3620 908 3695 linibus
922 3634 1004 3717 ejus,
1026 3632 1147 3715 legen-⁸

115 3726 164 3777 tes
178 3734 289 3801 oram,
317 3710 544 3801 Antigoneam
557 3717 768 3799 perueniunt,
804 3719 872 3795 sut,
883 3718 1005 3802 agresti
1018 3718 1057 3779 in
1074 3734 1135 3779 ter-

974 3862 978 3871 ,
1058 3824 1146 3872 uam,
