2354 4140
325 232 360 285 υ.
379 231 410 289 C.
426 234 499 297 soa.
597 250 623 287 a.
642 230 677 288 C.
697 228 736 287 N.
758 244 825 309 ¹9⁰·

71 336 174 406 fantes
189 347 351 407 maleficia.
394 350 542 409 Ceterum
565 366 597 408 et
621 345 800 425 praesentes
816 344 1075 427 interrogationi-

69 438 130 495 bas
148 432 291 514 undique
307 430 732 508 senatorum,confeffionem
748 432 844 517 magis
856 450 1073 511 noxae,quam
1134 446 1146 509 f

71 519 241 602 responsa,
272 520 542 601 exprimentium,
569 520 690 604 fatigeti
712 519 801 598 sunt,
828 534 878 593 et,
912 516 1074 579 eroedere

72 604 247 685 curiajusst,
270 626 415 689 magnum
425 610 782 690 certamenpraebuere.
828 608 898 665 Plus
913 602 1085 685 ire,quaot'
1148 600 1151 605 ’

71 692 307 768 misericordia,
334 694 372 753 in
387 692 474 754 causa
489 716 598 755 eorum
614 696 755 769 valebam
789 692 861 774 quia
877 711 945 751 non
963 707 998 750 ut
1013 690 1073 751 ho·

73 779 168 841 stibus
184 779 289 854 modo,
311 778 364 840 sed
378 795 528 863 tanquam
542 781 717 843 indomitae
732 797 764 840 et
781 776 957 840 insociabili
971 776 1070 858 genti,

70 866 303 929 succensebant.
375 869 434 927 Per
461 868 582 951 aliquot
602 867 671 930 diet
698 890 770 929 cum
797 881 952 927 certaturn
976 862 1071 938 esl'et,

69 948 228 1038 postremo
237 973 345 1040 neque
353 951 431 1028 dari,
450 974 557 1037 neque
570 954 678 1037 negari
692 974 802 1037 pacem
818 950 946 1035 placuit.
989 946 1071 1011 duee

70 1040 273 1103 conditiones
286 1041 331 1101 eie
346 1041 427 1101 latae
442 1039 530 1103 sunt:
551 1043 600 1102 rel
615 1040 735 1103 senatui
750 1040 887 1099 liberum
901 1035 1071 1099 arbitriuut'

69 1128 112 1188 de
130 1125 160 1186 se
175 1128 417 1205 permitterent3
442 1129 491 1188 rel
507 1130 597 1188 mille
614 1130 766 1188 talentum
782 1123 909 1199 darent,
930 1121 1071 1183 eosdem·

70 1236 133 1295 que
151 1214 266 1273 amieos
279 1229 371 1295 atque
384 1212 532 1275 inimicos
548 1216 713 1275 haberent.
735 1212 928 1295 Exprimere
937 1210 1070 1293 cupien-

67 1302 171 1375 tibus,
198 1318 328 1381 quarum
352 1320 461 1361 rerum
476 1300 513 1361 in
529 1300 559 1363 se
575 1302 742 1363 arbitrium
758 1298 881 1360 senatui
904 1296 1070 1381 permitte·
1139 1332 1142 1338 ,

66 1402 154 1459 rent,
174 1387 258 1446 nibil
273 1386 355 1448 certi
370 1384 550 1470 responsum
565 1387 619 1450 est.
655 1390 699 1449 ita
715 1386 835 1449 insecta
849 1405 927 1467 pace
942 1380 1068 1461 dimissi,

67 1476 146 1533 urbe
159 1473 269 1535 eodem
285 1473 361 1548 dia,
393 1475 483 1534 ltalia
506 1477 594 1535 imre
615 1474 800 1557 quindecim
822 1470 891 1535 diet
909 1467 1067 1533 excedere

65 1558 146 1643 jussa.
202 1562 287 1620 Tum
316 1560 358 1621 de
384 1560 547 1623 consulum
568 1562 743 1645 prouinciis
769 1575 915 1643 coeptum
940 1556 985 1618 est
1006 1556 1065 1639 egi.
1151 1610 1156 1625 .

66 1647 171 1709 Ambo
186 1646 354 1708 Graeciam
379 1647 557 1728 cupiebant.
602 1650 736 1709 Multum
756 1646 875 1707 Laeliae
897 1646 935 1704 itt
954 1642 1067 1705 senatu

63 1749 199 1815 poterat.
242 1731 287 1801 ia.
309 1754 380 1793 cum
395 1732 516 1794 senatos
534 1750 588 1795 aut
603 1732 728 1808 sortiri,
747 1750 801 1795 aut
815 1750 1000 1814 comparare
1014 1730 1065 1790 in·

63 1835 117 1878 ter
140 1816 168 1877 se
191 1818 372 1897 provinciae
394 1818 699 1900 consuluejuffisset,
735 1820 908 1901 elegantiae
926 1815 1065 1881 iacturae

65 1902 167 1975 dixit,
190 1900 342 1985 sijudicio
359 1904 503 1979 Petrum,
523 1926 614 1986 quem
630 1902 758 1979 lisorti,
783 1925 852 1964 eam
868 1922 934 1962 rem
948 1904 1065 1984 permi-

63 1986 177 2051 sissent.
221 1987 339 2068 Scipio,
361 1988 505 2070 responso
527 1990 567 2051 ad
582 1993 644 2051 hoc
658 1989 743 2064 dato,
762 1993 970 2075 cogitaturum,
989 1988 1065 2069 quial
1112 1984 1115 1989 ’

36 2108 39 2112 -
57 2072 296 2155 filifirciendum
313 2073 390 2157 effer,
411 2098 484 2137 cum
501 2076 600 2138 sratre
616 2094 681 2139 uuo
704 2079 835 2151 locutus,
855 2072 1008 2155 jussusque
1023 2076 1072 2143 ab,

61 2159 300 2243 eo'permittere
315 2161 600 2238 audactersenatui,
621 2161 787 2225 renuntiat
796 2162 943 2245 collegae,
960 2158 1064 2243 fitem-

62 2267 128 2306 ram
139 2246 190 2330 se,
217 2245 344 2329 quadis
365 2248 500 2331 censeret.
554 2253 633 2312 Cum
652 2270 725 2325 ret,
744 2266 797 2309 aut
811 2268 912 2323 uota,
938 2261 992 2306 aut
1012 2264 1063 2306 ve-

61 2333 173 2394 tustate
194 2334 412 2415 exemplorum
441 2337 674 2417 memoriajarn
698 2338 859 2412 exoletae,
890 2334 988 2395 relate
1009 2351 1060 2391 ex-

57 2420 253 2503 spectatione
273 2422 457 2483 certaminis
473 2422 793 2496 senatumerexissct,
813 2424 842 2485 P.
857 2419 961 2503 Scipio
972 2416 1060 2481 Afri-

58 2527 158 2571 canus
175 2505 275 2582 dixit,
310 2505 342 2567 Si
354 2507 398 2569 t.
423 2506 555 2593 Scipioni
568 2509 673 2592 fratri
686 2509 743 2594 see
765 2512 949 2591 provinciola
966 2504 1063 2567 Grae·
1127 2500 1134 2509 ”

56 2596 128 2655 c'iom
147 2586 347 2676 decreviffent,
363 2592 396 2676 se
420 2594 546 2681 legatum
567 2600 691 2659 iturum.
736 2598 823 2659 Haec
842 2616 923 2671 vox,
945 2612 1059 2677 magno

56 2680 174 2743 assensu
203 2682 328 2756 audita,
364 2680 484 2743 sustulit
516 2699 690 2746 certamen.
745 2683 898 2765 Experiri
927 2682 1058 2749 libebat,

57 2786 164 2838 utrum
181 2765 250 2843 plus
265 2767 332 2851 regi
348 2767 510 2831 Antiocho
525 2771 563 2831 in
579 2771 759 2833 Hannibale
776 2770 878 2845 victo,
905 2788 947 2829 an
962 2767 998 2827 in
1014 2766 1059 2825 ri·

56 2850 144 2914 etore
166 2852 322 2914 Africano
344 2854 467 2917 consuli
490 2858 731 2939 legionibusque
745 2857 918 2931 Romania,
947 2851 1059 2915 auxilii

47 2938 157 3001 'soreta
192 2960 229 2999 ac
245 2962 346 3022 prope
370 2962 482 3007 omnes
504 2944 647 3029 Scipioni
665 2943 857 3021 Graeciam,
878 2941 984 3001 Laelio
1001 2939 1060 2998 lta·

57 3027 135 3087 liam
150 3026 375 3091 decreverunt.
702 3038 705 3045 '

117 3198 174 3266 tt.
210 3202 370 3261 Praetores
393 3198 472 3261 iude
490 3200 672 3282 prouincias
695 3198 813 3276 sortiti,
842 3200 875 3258 t.
890 3192 1059 3253 Auruncu·

53 3285 134 3367 ieiue
158 3288 332 3361 urbanam,
361 3287 426 3349 Cn.
447 3288 573 3348 Fulvius
595 3288 814 3369 peregrinam,
844 3287 877 3345 L.
901 3279 1059 3341 Aemilius

52 3372 196 3455 Regillus
216 3371 363 3447 elass'em,
389 3375 418 3433 P.
442 3374 555 3434 Juniut
572 3378 688 3434 Brutus
705 3370 839 3447 Tuscos,
861 3364 1062 3436 M.Tocoiua

52 3458 202 3535 Apuliam
225 3478 255 3522 et
274 3457 430 3533 Bruttios,
460 3460 496 3520 C.
517 3459 645 3520 Atinius
670 3457 814 3519 Siciliam.
842 3451 1059 3543 lscattioli-de-

50 3545 151 3621 inde,
173 3548 224 3609 cui
240 3545 378 3608 Graecia
393 3546 560 3630 provincia
578 3547 704 3626 decreta
720 3562 805 3618 erat,
826 3544 867 3605 ad
882 3562 953 3602 eum
970 3559 1060 3601 exer-

51 3632 172 3711 cituin,
194 3655 288 3716 quem
302 3654 320 3693 a
334 3633 387 3692 Μ’.
404 3632 511 3692 Acilio
527 3633 634 3709 (duae
659 3650 762 3695 autern
783 3632 930 3713 legiones·
945 3625 1062 3699 eram)

41 3738 241 3804 ,accepturae
262 3717 356 3795 esset,
385 3718 422 3781 in
446 3717 701 3879 bppkmlpmum
725 3719 839 3785 additu
856 3710 1096 3858 imni&

636 3810 658 3895 3,
928 3860 933 3877 ,
1033 3818 1061 3857 a
