2354 4140
328 104 487 173 LIBER
508 111 585 173 XLI.
634 116 718 175 Cui.
733 117 771 177 V.
780 116 836 179 Vl.
1029 114 1096 196 485

150 236 153 241 ·
256 216 297 275 U·
322 216 356 275 C·
378 218 452 295 574·
556 226 560 231 '

19 398 23 417 ἔ
168 338 208 395 V.
232 336 325 395 Forte
341 337 384 396 ita
399 338 524 411 evenit,
567 354 603 396 ut
616 340 677 401 Cn.
696 355 729 398 et
747 341 782 399 L.
798 340 947 416 Gavillii,
970 344 1093 407 novelli

71 418 314 503 Aquilejenles,
357 444 431 483 oum
451 441 629 485 commeatu
644 426 833 501 venientes,
861 427 967 508 ignari
988 450 1093 513 propo

11 538 16 555 ·
72 508 113 569 itt
128 524 222 591 capta
236 507 336 567 cultra
351 512 391 568 ab
406 509 493 571 Istris
508 511 702 571 inciderent.
747 512 793 586 Ii,
811 534 883 571 cum
897 511 1089 597 Aquilejam,

70 594 193 655 relictis
205 593 465 679 impedimentis,
491 595 697 679 refugissent,
727 599 837 658 omnia
852 615 974 658 terrore
991 622 1028 660 ac
1041 618 1089 661 tu-

10 733 12 739 .
46 678 194 755 multu,
231 702 302 741 non
324 680 490 765 Aquileiae
510 682 623 759 modo,
652 682 709 743 [ed
730 686 854 744 Romae
875 706 999 767 quoque
1018 686 1089 769 post

48 838 54 845 ,
67 788 190 853 paucos
204 766 292 843 dies,
307 770 541 851 impleverunt:
564 792 643 853 quo,
657 791 729 830 non
742 787 833 853 capta
846 787 972 831 tantum
985 772 1087 833 castra

68 856 111 915 ab
123 851 364 928 hostibus,'nec
376 854 471 939 fuga,
494 877 574 939 quae
589 876 664 917 vcra
680 874 787 932 erant,
809 856 865 917 sed
878 856 1018 939 perditas
1032 879 1087 920 res

43 940 276 1023 ,deletumque
306 943 482 1003 exercitum
503 964 652 1019 omnem,
686 945 816 1007 allatum
845 943 899 1005 elt.
963 946 1084 1026 ltaqu'e,

66 1024 157 1109 quo'd
169 1030 208 1089 in
222 1029 357 1087 tumultu
372 1028 441 1088 lieri
455 1027 550 1105 lolot,
572 1028 710 1090 delectus
725 1047 814 1091 extra
829 1029 995 1107 ordinem,
1011 1052 1085 1094 non

63 1114 107 1179 in
123 1118 205 1175 urbe
218 1130 359 1190 tantum,
381 1113 437 1174 sed
449 1131 515 1174 tota
527 1116 634 1191 Italia,
656 1115 781 1178 indicti.
824 1116 917 1178 Duae
937 1118 1083 1200 legiones

65 1202 188 1263 civium
196 1202 417 1261 Romanorum
428 1202 641 1285 conscriptae,
656 1219 688 1263 et
702 1203 815 1264 decem
823 1204 925 1265 millia
936 1202 1081 1287 peditum

65 1310 144 1349 cum
160 1288 317 1371 equitibus
330 1289 514 1371 quingentis
530 1287 621 1349 lociis
634 1292 777 1353 nominis
793 1291 900 1353 Latini
914 1292 1079 1373 imperatu.

65 1376 113 1437 Μ.
133 1374 250 1437 lunius
270 1372 379 1435 conlui
404 1376 544 1437 transire
558 1378 597 1437 in
609 1376 765 1453 Galliam,
796 1394 827 1438 et
848 1378 888 1437 ab
902 1378 1081 1439 civitatibus

43 1462 253 1563 'qamvinciae
274 1462 358 1543 ejus,
386 1478 542 1543 quantum
562 1485 704 1545 quaeque
726 1462 842 1545 pollet,
863 1465 1002 1525 militum
1018 1484 1080 1523 'ett-

63 1560 154 1633 t'gttre
174 1546 282 1633 julius.
328 1547 428 1609 Simul
443 1548 626 1635 ¹decretum,
661 1568 696 1611 ut
714 1552 766 1611 Ti.
780 1550 929 1613 Claudius
949 1566 1081 1634 praetor

63 1634 220 1697 militibus
244 1635 380 1717 legionis
403 1654 558 1717 quartae,
603 1652 634 1696 et
661 1635 779 1699 socium
808 1637 915 1699 Latini
933 1635 1095 1698 nominis.

86 1722 208 1803 uinque
230 1722 387 1796 millibus,
411 1722 568 1805 equitibus
592 1722 739 1784 ducentis
761 1724 1008 1807 quinquaginta,
1031 1722 1077 1783 Pi·

61 1742 164 1869 lasne
176 1810 407 1884 convenirent,
430 1806 589 1885 ediceret;
616 1831 747 1890 eamque
760 1810 981 1891 provinciam,
1000 1808 1079 1869 dum

68 1890 181 1955 oottlul
190 1892 272 1955 inde
281 1893 419 1971 alienet,
433 1912 603 1957 tutaretur:
631 1900 675 1957 Μ.
685 1896 825 1956 Titinius
840 1914 970 1979 praetor
982 1896 1077 1976 legio·

66 2000 148 2065 nem
160 1982 311 2063 primam,
340 2002 452 2064 parem
472 2004 644 2043 numerum
659 1982 814 2043 sociorum
829 1980 974 2065 perlitum
990 1981 1077 2062 equi·

54 2083 215 2149 tumque,
238 2066 424 2131 Ariminum
440 2070 617 2132 convenire
637 2072 769 2153 juberet.
801 2070 891 2130 Nero
907 2066 1077 2153 paludatus

60 2153 146 2219 Pisas
166 2154 207 2215 in·
221 2157 422 2239 provinciam
444 2154 489 2216 elt
510 2155 681 2240 profectus.
708 2156 884 2231 ·Titinius,
916 2158 950 2216 C.
975 2150 1077 2213 Caffio

59 2236 196 2305 tribuno
208 2244 345 2305 militum
359 2238 563 2318 Ariminum,
586 2245 640 2327 qui
652 2239 807 2327 praeesset
820 2243 957 2324 legioni,
971 2237 1075 2314 millo,

36 2386 39 2391 .
58 2326 221 2391 delectum
235 2332 357 2398 Romae
379 2330 499 2393 habuit.
541 2331 586 2392 M.
607 2331 720 2393 lunius
742 2328 870 2405 consul,
884 2352 938 2409 'ex
954 2324 1074 2409 Liguri·

58 2416 119 2479 ltus
133 2418 174 2477 in
187 2418 396 2501 provinciam
411 2418 552 2479 Galliam
575 2416 803 2499 transgressus,
831 2417 955 2479 auxiliis
976 2411 1073 2497 proti·
1096 2428 1099 2433 '

34 2490 123 2581 'ius
144 2526 206 2588 per
218 2504 358 2566 civitates
371 2503 496 2565 Galliae
520 2504 734 2585 militibusque
756 2504 877 2565 colonis
898 2500 1071 2585 imperatis,

10 2588 35 2668 ¹.
58 2586 240 2675 Aquileiam
257 2591 415 2673 pervenit.
464 2592 515 2651 Ibi
528 2593 645 2654 certior
666 2588 783 2667 seems,
825 2590 1003 2651 exercitum
1021 2587 1070 2647 in·

45 2678 218 2753 ‘columem
234 2676 317 2751 elle,
340 2676 463 2762 scriptis
479 2678 580 2739 literis
596 2680 750 2753 Romam,
778 2697 824 2738 ne
843 2678 1070 2739 tumultuaren-

17 2782 20 2787 '
57 2774 130 2841 tur,-
153 2762 238 2849 ipse,
259 2762 393 2824 remillis
407 2764 548 2840 auxiliis,
570 2786 649 2846 qaae
659 2764 760 2826 Gallis
775 2766 1007 2849 imperaverat,
1028 2758 1070 2821 ad

10 2864 15 2909 ι·
57 2852 213 2951 collegam
228 2848 273 2911 elt
286 2850 455 2933 profectus.
478 2852 601 2912 Romae
616 2874 732 2937 magna
745 2872 787 2911 ex
799 2851 993 2935 necopinato
1007 2851 1069 2907 lae-

57 2936 222 3001 finftun:
247 2933 387 2997 delectus
406 2934 536 2999 omillus
552 2939 613 3000 elt:
651 2937 859 3011 exauctorati,
893 2938 948 3017 qui
965 2928 1069 2993 'sacra-

10 3072 13 3089 .
54 3030 177 3095 merito?
194 3022 359 3085 dixerant:
395 3034 427 3085 et
449 3027 621 3102 exercitus,
651 3028 706 3109 qui
725 3023 870 3085 Arimini
887 3019 1069 3104 pestilentia

10 3130 23 3183 μ’
33 3170 40 3187 .
50 3110 193 3191 ,effeetus
205 3128 291 3187 erat,
312 3110 443 3171 domum
458 3109 610 3172 dimillus.
642 3111 729 3186 Istri,
744 3109 868 3192 magnis
883 3106 980 3189 copiis
994 3126 1067 3167 cum

10 3199 12 3240 :
33 3272 37 3280 ,
55 3188 162 3271 &trra
180 3198 268 3265 haud
288 3198 400 3281 procul
424 3198 561 3259 consulis
577 3196 683 3259 castris
698 3198 875 3269 haberent,
893 3190 1068 3276 -postquam

58 3289 197 3352 dutum
217 3284 380 3347 consulem
406 3306 480 3344 cum
501 3286 642 3345 exercitu
665 3276 753 3345 novo
777 3277 940 3342 advenisse
961 3279 1067 3341 audie-

56 3353 155 3453 fiili,
208 3370 296 3433 aliun
313 3373 350 3433 in
371 3372 512 3433 civitates
535 3370 645 3455 dilapsi
660 3372 752 3432 lunt:
783 3365 926 3429 consules
940 3365 1068 3453 Aquile-

57 3462 127 3547 iam
138 3464 176 3523 in
212 3460 327 3521 'berna
342 3459 484 3541 legiones
498 3456 708 3520 reduxerunt.

52 3699 56 3707 .
100 3620 104 3627 ¹
142 3618 197 3701 'vt
214 3629 495 3697 sumundum
512 3629 620 3693 Istrico
641 3624 791 3705 nuuultu,
821 3625 1069 3689 senatusconsul-

51 3708 261 3791 effractum
275 3720 339 3798 est,
366 3714 561 3781 utconlules
580 3720 670 3780 inter
689 3718 721 3781 le
734 3724 981 3805 mmqararettt,
999 3728 1074 3772 utet

57 3810 122 3871 ⁰2:¹¹
251 3828 254 3833 ·
537 3807 647 3885 ΗΜ
974 3818 1094 3860 eorum
