2354 4140
117 117 185 215 ‘⁸2⁶
286 110 441 171 LIBER
469 107 549 168 liLl.
594 109 682 167 Cur.
704 106 940 207 XYIQ.

348 217 387 273 U.
409 215 442 271 C.
467 215 560 287 ἀγόν
657 233 687 271 a.
709 216 743 273 C.
769 212 810 270 N.
838 212 909 287 176.

118 356 247 425 quoque
262 351 422 392 terrorem
442 329 669 407 admoventes,
699 334 1036 392 circumvectarentur.
1080 331 1142 391 Eo-

121 429 199 487 dem
214 438 245 482 et
253 422 292 498 Q.
300 419 440 481 Petillius
448 416 557 478 consul
567 416 607 476 ad
617 414 881 479 conveniendum
890 417 1046 476 exercitui
1056 414 1139 477 diem

118 512 275 574 edixerat.
331 505 373 565 Et
395 506 429 563 C.
447 502 596 563 Claudius
618 502 806 586 proconsul,
836 500 943 562 audita
960 504 1138 564 rebellione

119 600 288 680 Ligurum,
314 607 442 675 praeter
463 610 515 650 cas
529 591 652 671 copias,
677 612 753 673 quas
775 590 881 649 [ecum
894 592 1027 649 Parmae
1048 589 1139 651 halte-

121 689 192 757 bat,
214 678 370 740 subitariis
393 678 533 737 collectis
552 676 721 755 militibus,
750 677 928 739 exercitum
939 676 983 737 ad
997 677 1081 739 lines
1094 678 1140 739 Li·

118 790 236 854 gurum
258 764 409 825 admovit.

200 939 317 1001 xv111.
363 938 475 1000 Hostes
503 938 560 999 sub
583 937 759 1001 adrentum
789 940 824 999 C.
849 934 991 1011 Claudii,
1034 954 1053 993 a
1078 954 1137 1016 quo

118 1026 202 1089 duce
216 1026 248 1087 le
264 1027 484 1086 meminerant
502 1046 610 1108 nuper
626 1025 667 1085 ad
679 1028 888 1088 Scultennam
901 1023 1025 1083 flumen
1041 1020 1136 1081 victos

117 1113 320 1196 fugatosque,
350 1115 493 1171 locorum
515 1114 613 1195 magis
628 1111 784 1195 praelidio
800 1109 948 1172 adversus
964 1106 1134 1170 infeliciter

118 1216 286 1282 expertam
299 1200 382 1275 rim,
411 1220 506 1281 quam
519 1200 633 1274 armiS,
660 1198 693 1259 se
706 1198 888 1271 defensuri,
911 1194 992 1255 duos
1012 1210 1133 1254 montes

118 1289 234 1347 Letum
255 1302 286 1344 et
299 1283 447 1345 Baliltam
461 1303 635 1369 ceperunt,
657 1307 812 1367 muroque
835 1282 968 1366 insuper
987 1280 1130 1365 amplexi

119 1370 259 1433 Tardius
282 1393 323 1431 ex
342 1372 424 1453 agris
441 1369 657 1455 demigrantes
672 1370 812 1456 oppreffi
834 1369 875 1431 ad
888 1370 978 1430 mille
1002 1386 1033 1428 et
1047 1368 1131 1449 quin·

117 1479 230 1540 gemes
253 1459 430 1539 perierunt.
476 1460 581 1520 Ceteri
599 1462 764 1520 montibus
783 1457 815 1517 le
830 1460 1004 1531 tenebant,
1024 1473 1071 1530 et,
1092 1474 1130 1513 ue

117 1548 156 1605 in
165 1561 251 1603 metu
260 1543 390 1625 quidem
402 1542 536 1606 feritatis
546 1547 710 1629 ingenitae
719 1546 819 1621 obliti,
835 1544 980 1606 saeviunt
995 1543 1033 1602 in
1047 1562 1128 1624 prae·

118 1629 211 1706 dam,
238 1652 318 1714 quae
333 1633 478 1692 Mutinae
492 1650 584 1716 parta
598 1650 675 1693 erat.
704 1633 843 1715 captivos
858 1654 933 1692 cum
947 1628 1043 1689 foeda
1058 1630 1128 1687 lace·

117 1720 244 1778 ratione
258 1719 474 1779 interficiunt:
494 1740 610 1803 pecora
625 1721 664 1781 in
677 1717 763 1780 fanis
771 1718 934 1779 trucidant
947 1717 1055 1777 rerius
1069 1712 1125 1799 pal·

118 1803 194 1879 lim,
225 1827 320 1888 quam
342 1807 403 1867 rite
427 1804 613 1868 laetificant.
659 1807 768 1868 Satiati
790 1804 887 1865 caede
908 1802 1123 1874 animantium,

117 1914 199 1975 quae
212 1894 360 1954 inanima
374 1910 484 1969 erant,
503 1895 678 1975 parietibus
693 1892 855 1975 affligunt,
879 1890 951 1953 raia
964 1891 1070 1950 omnis
1084 1908 1123 1971 ge·
1163 1931 1166 1938 ·

116 1982 207 2041 neris
221 1979 290 2040 usui
308 1982 424 2061 magis,
470 2001 566 2061 quam
589 1995 782 2039 ornamento
799 1981 837 2039 in
856 1978 1014 2063 speciem,
1043 1974 1122 2037 lacta.

117 2069 159 2145 Q.
177 2069 314 2128 Petillius
338 2066 467 2142 consul,
498 2088 543 2127 ne
565 2066 695 2127 absente
718 2066 750 2127 le
767 2064 1000 2141 debellaretur,
1028 2065 1121 2123 literas

117 2153 160 2213 ad
175 2156 208 2214 C.
226 2152 396 2214 Claudium
415 2152 515 2229 milit,
540 2170 575 2213 ut
589 2176 663 2213 cum
677 2155 819 2213 exercitu
840 2151 882 2213 ad
895 2150 928 2211 se
941 2153 981 2212 in
996 2150 1122 2213 Galliam

116 2243 260 2301 reniret:
294 2242 414 2322 campis
429 2242 545 2301 Macris
563 2239 597 2301 le
620 2262 693 2301 eum
712 2239 974 2322 exspectaturtuu.
1020 2234 1122 2297 Literis

116 2329 270 2409 acceptis,
305 2326 454 2388 Claudius
486 2348 527 2388 ex
547 2328 714 2410 Liguribus
739 2327 840 2387 castra
860 2326 979 2402 movit,
1016 2320 1122 2385 exerti·
1164 2381 1167 2402 Ι

114 2431 244 2494 tumque
273 2413 316 2473 ad
340 2434 469 2496 campos
496 2417 622 2476 Macros
651 2412 944 2475 consuli-tradidit.
1008 2409 1122 2471 Eodem
1164 2405 1167 2448 !

114 2502 222 2583 paucis
245 2500 314 2583 polt
336 2500 448 2562 diebus
473 2502 507 2561 C.
524 2503 670 2564 Valerius
692 2498 804 2563 consul
826 2502 907 2561 alter
926 2499 1027 2559 venit.
1071 2494 1121 2570 lbi,
1164 2493 1167 2522 ³

114 2585 220 2647 divitis
234 2589 350 2670 copiis,
366 2588 550 2671 priusquam
565 2588 822 2671 digrederentur,
839 2587 1055 2647 communiter
1066 2604 1121 2643 am-

113 2676 155 2735 bo
171 2678 326 2735 exereitus
348 2672 572 2735 lustraverunt.
620 2692 686 2734 tum
702 2674 820 2749 sortiti,
851 2674 925 2757 quia
941 2692 1013 2734 non
1026 2674 1066 2731 ab
1079 2669 1122 2730 ea·

114 2758 188 2818 dem
210 2779 378 2842 utrumque
403 2778 494 2842 parte
509 2761 638 2843 aggredi
660 2761 782 2821 holtem
795 2762 955 2844 placebat,
983 2760 1123 2843 regiones

112 2868 189 2928 quas
204 2865 361 2930 peterent.
385 2849 551 2908 Valerium
562 2848 718 2932 auspicato
730 2846 875 2909 sortitum
889 2844 1027 2921 constat,
1044 2839 1124 2927 quod

113 2934 149 2993 in
165 2937 285 3017 templo
299 2933 422 2994 luillet:
452 2936 490 2994 in
505 2936 628 2995 Petillio
646 2934 682 2995 id
699 2935 774 2996 ri'tio
795 2933 935 3011 factum,
956 2930 1062 3017 postea
1077 2952 1124 2992 au·

109 3041 201 3102 gures
214 3021 471 3103 responderunt3
493 3019 579 3103 quod
595 3043 684 3081 extra
697 3022 852 3104 templum
867 3020 985 3081 sortem
999 3020 1037 3079 in
1050 3018 1123 3079 tirel.

108 3109 174 3166 lam
189 3111 226 3168 in
243 3110 398 3189 tempium
413 3108 510 3167 latam
525 3107 603 3168 foris
623 3109 689 3191 ipl'e
705 3106 853 3190 poluerit.
899 3104 1035 3167 Profecti
1049 3104 1126 3167 inde
1164 3157 1167 3188 ἱ

107 3194 144 3254 iu
161 3193 300 3254 direrl'rs
326 3196 483 3275 regiones.
530 3195 670 3255 Petillius
693 3194 841 3255 adversus
857 3192 992 3253 Baliltae
1015 3208 1047 3252 et
1058 3189 1125 3254 Leti
1165 3195 1167 3202 ’

105 3281 231 3362 jugum,
262 3280 348 3361 quod
364 3300 416 3340 eos
431 3296 556 3341 montes
580 3299 734 3363 perpetuo
751 3280 844 3341 dorso
865 3283 952 3341 inter
967 3279 999 3339 le
1014 3280 1125 3363 jungit,

105 3366 205 3424 cultra
225 3366 345 3427 habuit.
393 3368 442 3425 llti
466 3365 692 3427 adhortantem
711 3390 784 3427 eum
798 3390 859 3450 pro
872 3366 1126 3427 concionemili2
1165 3361 1167 3374 ¹

104 3468 166 3526 tet,
188 3454 411 3513 immemorem
433 3456 644 3534 :ambiguitatis
669 3456 779 3530 verbi,
803 3456 983 3515 ominatmn
1004 3449 1126 3532 ferunt,

94 3539 129 3620 se
155 3560 186 3598 ra
211 3537 260 3598 alie
285 3540 388 3599 Letum
414 3557 573 3619 captiuum
603 3538 666 3621 effe.
710 3542 845 3601 Duabus
868 3540 959 3600 limul
982 3542 1126 3623 partibus

97 3622 256 3685 lubireiu
272 3624 419 3686 adrerl'os
441 3642 567 3685 montes
583 3630 696 3708 coepit.
742 3628 894 3710 Eapurs,
922 3628 961 3687 in
974 3624 1126 3709 ,quatiple
1163 3651 1167 3714 Ι

88 3730 178 3793 erat,
208 3716 349 3803 impigre
372 3711 574 3780 succedebat.
631 3712 775 3779 Alteram
791 3713 894 3777 hostes
914 3734 989 3774 cum
1009 3732 1125 3857 Ἦρα·
1164 3716 1168 3796 i

409 3835 413 3841 ·
1003 3800 1028 3855 ἳ
1063 3813 1133 3870 ent,
