2354 4140
224 152 228 168 ,
291 112 596 176 Ltsstimxxxtt
643 116 715 175 Car.
739 114 850 179 xv11.·
1031 124 1069 183 su

20 292 25 300 .
55 296 1069 321 ......--------------...............

57 333 202 415 deserta,
226 342 266 409 io
283 360 392 399 aroem
405 337 556 421 confugit-
600 336 685 398 Inde
700 338 741 399 ad
754 338 854 404 fidem
866 346 906 403 ab
921 346 1071 405 Rtunmo

52 430 55 440 '
100 425 239 490 tendam
260 443 401 487 oratores
420 426 561 501 mittunt.
584 421 756 507 oppidanis
779 430 939 513 extemplo
956 433 1017 491 vita
1033 453 1071 493 ae

70 518 192 581 ‘bertas
215 512 362 575 concessa
382 510 442 575 est:
473 508 707 573 Macedonibus
740 515 864 577 treceni
886 518 1008 590 numiui
1033 516 1071 579 in

52 602 163 685 -eapita
185 598 334 671 statutum
348 596 393 659 est
407 600 562 682 pretium,
586 614 618 658 et
631 614 666 657 ut
680 598 777 657 armis
793 598 915 663 traditis
930 604 1066 677 abirent.

46 689 128 751 -Hae
141 686 266 748 summa
280 686 426 763 redemti,
449 688 489 745 in
500 686 662 745 Boeotiam
677 686 818 745 inermes
834 688 963 771 trajecti.
1005 692 1068 751 Na·

52 778 145 854 ¹varies
167 774 296 857 copiae,
322 772 442 833 duabus
463 772 557 833 elaris
578 774 709 831 urbibus
731 770 880 835 Euboeae
902 776 986 836 intra
1001 776 1069 839 dies

45 882 179 947 paucos
202 861 320 943 captis,
350 862 579 935 circumvectae
588 859 729 921 -Sunium
742 856 866 921 Atticae
881 877 984 922 terrae
998 883 1069 945 pro·

59 948 278 1023 montorium,
303 948 483 1009 Cenchreas
505 945 745 1006 Corinthiorum
769 948 949 1031 emporium
973 952 1069 1031 petie·

57 1051 149 1097 runt.
195 1028 312 1094 Consus
344 1035 479 1095 interim
500 1032 646 1093 omnium
669 1030 722 1113 spe
741 1030 923 1115 longiorem
941 1034 1070 1094 atrocio-

58 1138 197 1203 remque
224 1122 494 1203 oppugnationem
517 1116 642 1179 habuit:
664 1134 709 1191 -et
731 1139 783 1193 ea,
813 1142 875 1200 qua
896 1124 1070 1181 rniuiuuuu

60 1205 255 1283 credidisset,
277 1206 464 1269 resistebant
479 1201 592 1267 hostes.
636 1224 711 1263 nam
728 1226 860 1271 omnem
876 1208 1016 1269 laborem
1033 1209 1073 1269 in

64 1316 163 1355 muro
181 1291 339 1359 diruendo
352 1290 534 1357 crediderat
547 1290 635 1356 sore:
652 1290 676 1349 st
690 1290 809 1351 aditum
823 1297 951 1355 armatis
966 1296 1003 1357 in
1017 1316 1069 1370 ur·

48 1383 144 1445 ,bem
155 1378 372 1465 patefecisset,
400 1379 507 1462 sugam
529 1377 610 1443 inde
633 1374 826 1461 eaedemque
840 1380 972 1442 hostium
988 1380 1069 1457 soi-e,

63 1468 165 1553 qualis
197 1470 296 1551 captis
326 1468 457 1527 urbibus
490 1466 561 1529 sieri
597 1462 682 1526 solet.
725 1482 867 1530 ceterum
894 1464 1070 1553 postquam,

41 1572 154 1640 parte
175 1554 431 1630 morigerietibus
454 1548 596 1627 tlecussa,
616 1574 674 1635 per
684 1548 765 1635 ipsas
780 1553 890 1617 ruinas
907 1555 1067 1617 transcen·

42 1640 184 1707 ...derunt
198 1642 237 1703 in
251 1636 366 1701 urbeni
379 1640 509 1717 armati,
528 1632 610 1701 illud
624 1640 729 1723 prinei
754 1641 821 1703 ium
834 1644 920 1705 velut
934 1644 1011 1705 noti
1027 1660 1070 1703 at-

16 1728 20 1733 ’
60 1752 126 1813 que
146 1728 266 1809 integri
287 1728 404 1786 laboris
420 1725 487 1789 suit.
533 1746 612 1787 nam
626 1663 837 1806 Maeedimes,
859 1732 914 1813 qui
931 1734 967 1791 in
981 1750 1071 1814 prae·

15 1872 18 1877 .
45 1810 144 1879 ¹sidio
168 1829 262 1873 erant
283 1829 315 1871 et
334 1813 429 1871 multi
449 1830 481 1875 et
500 1810 632 1888 delecti,
652 1816 782 1895 gloriam
806 1818 900 1876 etiam
914 1821 1072 1899 egregium

60 1903 148 1973 reti,
170 1897 196 1957 st
217 1898 313 1956 armis
326 1898 431 1977 potius
442 1914 476 1981 ,et
491 1899 623 1973 virtute,
642 1918 737 1979 quam
752 1904 939 1976 tnoenilutS,
960 1908 1073 1963 urbem

11 1974 17 1994 ¹
65 1996 257 2057 tuerentur,
287 1979 442 2055 conserti,
470 1982 613 2063 pluribus
639 1982 793 2042 introrsus
821 1984 987 2045 ordinibus
1007 1992 1076 2049 acia

18 2060 21 2067 ¹
64 2073 215 2145 firmata,
250 2084 323 2127 cum
342 2064 572 2135 transcendere
592 2066 701 2126 minae
723 2058 888 2129 sensissent
902 2072 1074 2149 Romanoa,

64 2180 129 2245 per
150 2152 344 2237 impeditum
365 2174 401 2212 ac
418 2151 581 2217 diffieilem
596 2142 638 2213 ad
652 2170 817 2237 receptum
830 2153 935 2215 iocum
951 2158 1074 2239 expule-

41 2260 157 2307 ,runn
202 2241 242 2301 Id
259 2238 373 2301 consul
397 2261 488 2323 aegre
501 2236 624 2323 passus,
646 2252 794 2319 neceam
808 2242 1020 2323 ignominiam
1035 2246 1076 2303 ad

64 2322 163 2394 unius
175 2328 273 2390 modo
290 2324 522 2410 expugnandae
535 2346 658 2387 moram
670 2329 775 2403 urbis,
798 2325 854 2389 sed
868 2330 909 2389 ad
922 2330 1076 2393 summam

64 2414 208 2481 universi
226 2416 319 2491 belli,
340 2415 504 2498 pertinere
522 2431 625 2491 retusi,
647 2413 732 2497 quod
750 2434 791 2475 ex
812 2420 984 2491 momentis
1005 2442 1075 2503 part

68 2526 180 2568 aarum
204 2505 393 2585 pierumque
411 2522 521 2562 rerum
539 2500 713 2585 penderet,
748 2520 880 2588 purgato
900 2506 990 2580 ‚loco,
1020 2510 1075 2589 qui

67 2592 168 2675 strage
184 2587 327 2650 semiruti
340 2589 425 2649 muri
438 2589 612 2649 cumulatus
627 2605 710 2663 erat,
740 2603 862 2651 mrtem
877 2592 1017 2675 ingentis
1033 2602 1074 2653 at-

66 2678 233 2753 titudinis,
262 2696 413 2759 magnam
437 2677 503 2737 vim
535 2692 730 2755 armatormn
749 2678 917 2759 multipliei
938 2682 1074 2739 tabulato

44 2781 268 2851 ..portantem
304 2763 476 2845 promouit:
512 2776 543 2821 et
564 2761 709 2821 cohortes
730 2760 870 2838 invicem
893 2763 949 2823 sub
969 2765 1073 2847 signia,

15 2850 18 2855 ’
45 2872 149 2935 ,quae
172 2870 313 2909 cuneum
332 2847 564 2924 Macedonum,
592 2848 801 2929 (pbalangem
828 2848 886 2933 ipsi
909 2852 1075 2925 vet:aut)li
1114 2892 1118 2901 ,

66 2936 211 3021 possent,
241 2936 273 2997 vi
294 2951 558 3018 perrumperent,
590 2934 761 2995 emittebat.
804 2932 922 3006 Sedad
937 2938 1006 2997 ioco
1019 2958 1074 2999 an·

43 3024 170 3107 gusta,
202 3020 290 3093 hand
312 3024 375 3081 iate
398 3039 528 3103 patente
552 3020 722 3081 intervallo
739 3019 837 3081 diruti
850 3023 952 3096 muri,
974 3042 1075 3105 genos

43 3130 231 3171 ‚armorum
253 3126 440 3191 pugnaeque
460 3107 541 3188 hosti
561 3108 663 3189 aptius
684 3122 761 3165 erata
792 3108 847 3167 ubi
869 3108 1005 3169 eorii'erti
1022 3110 1075 3173 iia-

64 3196 129 3259 stas
151 3195 292 3277 ingentis
307 3193 516 3277 longitudinis
527 3212 606 3278 prae
618 3190 650 3253 se
669 3190 863 3254 Macedones
880 3192 1074 3277 objecissent,

56 3286 157 3357 ‚uelut
168 3284 206 3344 in
220 3283 431 3362 constructam
447 3280 599 3343 densitate
613 3280 799 3360 clypeorum
813 3278 1005 3359 testudinem
1013 3286 1075 3343 Ro-

65 3370 177 3446 mani,
208 3368 282 3451 pilis
303 3364 521 3452 nequidquam
545 3361 679 3439 emissis,
710 3362 782 3425 'eum
796 3360 995 3447 strinxissent
1015 3370 1077 3453 gia·

56 3457 160 3533 'dios3
189 3473 296 3537 neque
312 3454 463 3536 congredi
479 3450 624 3537 propius,
652 3448 760 3532 'neque
776 3454 960 3535 praecidere
974 3452 1077 3517 iittsi'ar

52 3542 244 3629 'poterantt'
256 3555 304 3615 et,
324 3538 437 3622 siquas
456 3539 652 3611 incidissent,
671 3552 725 3595 aut
738 3539 989 3622 praefregissent,
1008 3540 1079 3600 stata·

11 3650 14 3659 ·
39 3685 46 3695 ,
64 3631 138 3697 tilio
153 3626 332 3711 fragmento
344 3624 411 3709 ipso
429 3643 536 3703 acuto,
564 3628 652 3709 inter
665 3616 784 3707 spicosa
797 3626 994 3709 integrarum
1007 3623 1077 3702 baa·

65 3734 191 3800 aarum,
217 3714 313 3811 relat,
329 3712 456 3806 tatae.
473 3714 664 3801 retent.
698 3708 756 3804 Aa
776 3712 848 3807 1²0⁹„
860 3730 895 3801 0².
905 3706 991 3807 etri
1028 3726 1081 3784 aa

34 3354 44 3387 Ι

1032 3795 1042 3813 .t

1040 3816 1081 3861 Μ
