2354 4140
327 116 481 181 tinen
508 117 599 177 xtv.
644 72 731 175 cn.
756 113 852 173 xxv.
1022 118 1117 189 655·

484 298 1087 319 ——nn—h-—·-—-¹¹—-

148 342 254 401 ·xxV.
278 340 460 404 Secundum
488 342 583 398 talctb
610 340 787 399 orationem
818 336 958 399 universi
977 338 1087 400 rursus

77 425 298 509 prociderunt,
312 449 487 507 ramosque
503 424 929 507 oleaesupplicesjactantes,
953 423 1086 484 tandem
1115 484 1117 490 ,

26 565 45 589 ,Ι
77 513 228 588 excitati,
248 520 336 574 curia
352 514 559 574 excessemnt.
606 514 701 572 Tunc
716 510 873 573 sententia
893 510 1087 592 interrogari

77 614 217 682 coeptae.
248 598 440 661 Infestislimi
456 599 713 674 Rhodiiserant,
736 599 790 680 qui
804 597 947 657 consules
962 615 1086 681 praeto·
1168 600 1170 607 ’

76 706 168 748 resve
192 688 358 773 aut-legati
379 685 535 770 gesserant
558 689 595 747 in
612 684 802 747 Macedonia
815 687 945 745 bellum.
985 686 1086 765 l'luri-

76 770 168 835 mum
182 770 308 833 causam
323 795 436 834 eorum
452 772 571 852 adjuvit
586 776 629 832 nl.
647 773 771 833 Porcius
787 772 881 847 Cato3
901 771 971 853 qui,
996 770 1087 853 asper
1141 809 1147 827 .

75 860 228 942 ingenio,
265 878 335 920 tum
354 863 463 921 leuem
483 862 655 941 mitemque
676 858 854 918 senatorem
874 858 943 939 egit'.
994 860 1087 919 -Non

76 944 220 1010 inseram
229 944 431 1007 stmulacrum
442 949 503 1011 viri
519 944 643 1030 copiofi,
659 962 738 1029 quae
752 944 879 1020 dixerit,
895 940 1084 1007 referendo:

75 1032 173 1115 ipsius
196 1035 296 1095 oratio
323 1033 438 1117 scripta
457 1034 570 1110 exstat,
608 1035 769 1116 originum
790 1033 902 1113 quinto
930 1032 1012 1091 libro
1035 1035 1085 1092 in-

29 1166 38 1183 .
76 1119 171 1179 clusa.
216 1119 351 1181 Rhodiis
379 1119 564 1202 responsum
578 1122 623 1182 ita
641 1116 803 1180 redditum
819 1117 877 1193 est,
899 1132 933 1176 ut
953 1119 1085 1179 necho.

61 1204 138 1266 stes
153 1206 287 1283 fierent,
310 1228 372 1267 nec
388 1196 463 1267 socii
476 1223 716 1290 permanerent.
746 1206 933 1265 Philocrates
951 1222 981 1264 et
994 1205 1084 1287 Asty-

76 1290 189 1353 medes
210 1294 372 1376 principes
395 1296 560 1375 legationis
583 1309 685 1355 erant.
744 1294 867 1352 Partem
890 1312 962 1350 enm
983 1293 1084 1353 Philo·

78 1392 166 1438 crate
198 1382 384 1441 renuntiare
406 1380 563 1441 Rhodum
581 1382 770 1463 legationem
795 1380 929 1461 placuit,
959 1396 1086 1461 pgrtem

80 1482 155 1525 cum
169 1462 342 1545 Astymede
356 1469 477 1526 Romae
490 1466 661 1543 subsistere,
683 1488 763 1548 quae
779 1482 958 1547 agerentur,
981 1464 1084 1546 sciret,

78 1552 293 1633 certioresque
312 1546 380 1612 suos
396 1552 523 1613 faceret.
568 1557 609 1613 ln
627 1552 807 1637 praesentia
830 1550 1086 1618 deduceremus

43 1692 46 1697 .
79 1654 202 1697 certem
226 1636 312 1699 diem
341 1664 381 1699 ex
410 1642 506 1719 Lycia
533 1642 686 1722 Cariaque
714 1638 870 1721 jusserunt
898 1639 1084 1718 praefectos.

78 1725 174 1785 Haec·
188 1725 339 1785 Rhodum
354 1730 608 1808 nuntiata,·quae
621 1726 724 1810 perse
738 1723 835 1785 tristia
850 1722 989 1803 luissent,
1013 1734 1086 1809 quia

80 1810 209 1892 majoris
222 1816 299 1873 mab
316 1814 436 1873 levatus
458 1831 525 1874 erat
545 1816 656 1889 timor,
680 1832 753 1871 cum
766 1812 885 1870 bellum
901 1812 1097 1893 timuissent,

77 1896 286 1979 ingaudium
305 1902 489 1960 renuntiata
509 1916 684 1963 verterunt.
729 1900 838 1979 Itaque
862 1906 1020 1982 extemplo
1035 1926 1085 1963 co·
1167 1938 1170 1947 ‹

76 2004 196 2043 ronam
208 1986 322 2067 viginti
336 1988 471 2047 millium
492 2008 661 2049 aureorum
686 1984 914 2047 decreverunt:
937 1989 1085 2049 Theodo-

68 2078 167 2146 vtum,
195 2071 391 2153 praesectum
411 2074 528 2150 classis,
560 2077 597 2137 in
616 2097 687 2137 eam
707 2072 900 2155 legationem
919 2072 1083 2137 miserunt'.

79 2156 268 2225 Societatem
282 2164 321 2229 ab
342 2162 496 2223 Romanis
510 2164 551 2223 ita
572 2163 722 2224 volebant
735 2159 817 2242 peti,
840 2176 874 2218 ut
895 2162 1031 2237 nullum¹
1045 2160 1087 2223 de
1141 2228 1144 2233 .
1165 2210 1170 2219 .

38 2258 118 2313 ...tea
135 2264 173 2303 re
188 2242 304 2304 scitumx
314 2249 422 2329 populi
436 2249 541 2323 fieret,
565 2265 617 2308 aut
630 2249 729 2309 literis
744 2245 969 2331 mandaretur:
989 2249 1084 2330 quod,

66 2330 143 2413 ‚nist
157 2332 384 2413 impetrarent,
402 2336 507 2417 major
520 2334 651 2418 repulsis
672 2332 851 2417 ignominia
866 2332 949 2394 esset.
962 2392 965 2397 ,
996 2340 1085 2396 Prae-

80 2414 157 2479 secti
178 2418 277 2479 classis
299 2420 331 2481 id
346 2422 440 2482 unius
456 2438 523 2481 orat
535 2423 598 2505 jus,
620 2438 656 2481 ut
670 2440 761 2504 agere
781 2418 821 2479 dc
837 2440 873 2480 ea
892 2442 928 2481 re
950 2421 1017 2503 stne
1034 2426 1085 2483 ro'-

79 2506 207 2587 gatione
223 2508 291 2564 'ulla
310 2509 432 2590 perlata
454 2507 562 2589 posset.
610 2530 688 2567 nam
710 2509 753 2568 ita
774 2528 833 2590 per
856 2523 902 2567 tot
923 2530 1025 2571 annos
1047 2513 1085 2572 in

81 2592 221 2652 amicitia
235 2590 380 2670 fuerant,
402 2611 437 2653 ut
450 2594 555 2656 sociali
568 2593 696 2657 foedere
710 2593 741 2655 se
752 2616 828 2654 cum
841 2594 998 2657 Romanis
1013 2617 1085 2657 non

27 2738 33 2747 ,
81 2674 254 2761 illigarent,
278 2682 318 2739 ob
332 2682 456 2741 nnllam
473 2671 567 2742 aliam
582 2681 714 2757 eausam,
735 2702 829 2764 quam
843 2703 888 2742 ne
902 2683 991 2767 spem
1004 2686 1084 2767 regi-

41 2756 59 2785 '‘
75 2766 140 2839 bus
163 2765 389 2831 abscinderent
409 2769 518 2829 auxilii
538 2766 599 2846 sui,
619 2768 642 2828 s1
659 2771 710 2830 cui
724 2791 800 2853 opus
823 2764 919 2846 esset,
940 2792 1006 2829 neu
1028 2770 1085 2829 libi

81 2848 331 2930 ipsissructusex
345 2854 541 2938 benignitate
556 2872 587 2916 et
601 2854 730 2916 fortuna
747 2861 856 2917 e'orum
872 2854 1083 2937 percipiendi.

84 2936 178 2997 Tunc
198 2940 306 3021 utique
326 2941 466 3022 petenda
488 2942 615 3003 societas
637 2943 819 3016 videbatur3
845 2962 918 3000 non
938 2961 1018 3020 quae
1038 2956 1084 2998 tu-

28 3086 48 3095 „
82 3022 179 3086 tiores
199 3048 254 3087 eos
279 3028 318 3087 ab
340 3029 413 3088 aliis'
432 3027 567 3106 faceret,
590 3032 666 3106 (nec
690 3030 779 3089 enim
800 3029 957 3086 timebant
978 3018 1085 3107 queml

81 3132 193 3193 quam,
219 3130 346 3194 praeter
354 3116 537 3192 Romanos)
559 3116 615 3177 sed
627 3136 705 3196 qnae
718 3112 790 3196 ipfis
803 3112 960 3171 Romanis
975 3113 1085 3176 minus

26 3224 40 3281 a·
65 3196 247 3279 suspectos.
291 3198 353 3258 Sub
365 3200 453 3260 idem
465 3201 534 3261 sere
549 3219 672 3282 tempus
689 3214 720 3259 et
736 3198 851 3258 Caunii
867 3196 1026 3260 descivere
1043 3205 1084 3263 ab

26 3280 147 3359 ·-.3·his‚
184 3298 214 3339 et
241 3283 432 3361 Mylasenses
459 3284 701 3348 Euromensium
729 3282 847 3367 oppida
877 3302 1083 3369 occuparunt.
1119 3362 1122 3366 Ι

26 3368 48 3423 ἒ
81 3366 160 3427 Non
174 3368 219 3426 ita
232 3364 324 3445 fracti
338 3370 439 3431 animi
452 3374 584 3434 civitatis
602 3387 704 3448 erant,
726 3387 761 3431 ut
779 3392 850 3431 non
864 3368 1037 3452 sentirent,
1060 3377 1084 3439 st
1123 3400 1126 3407 ’

26 3452 58 3531 ’ῥζ
80 3452 176 3535 tycia
191 3452 223 3513 et
235 3454 326 3512 Caria
340 3455 481 3518 ademtae
498 3463 537 3521 ab
552 3458 707 3520 Romanis
722 3456 841 3534 forent,
865 3475 969 3519 cetera
983 3478 1037 3520 aut
1050 3464 1086 3529 se

26 3548 32 3595 ;
53 3618 59 3629 ἱ
78 3540 145 3625 ipsa
158 3562 219 3624 per,
232 3538 445 3602 desectionem
458 3544 652 3621 liberarent,
674 3561 726 3605 aut
745 3568 763 3607 a
785 3545 927 3606 finitimis
949 3567 1084 3629 occupa.

28 3622 38 3643 ³
59 3640 62 3645 '
79 3645 209 3706 rentur,
226 3628 351 3691 includi
363 3627 394 3689 se
410 3629 530 3691 insulae
545 3642 661 3715 parvae
671 3646 708 3692 'et
725 3630 836 3692 sterilis
849 3622 914 3717 egri
928 3635 1083 3716 litoribus,

26 3758 28 3763 -
81 3737 161 3799 quae
176 3736 378 3803 nequaquam
393 3720 478 3780 alere
486 3734 592 3782 tantae
606 3719 977 3806 urbispopulumposset.
993 3723 1100 3782 msto
1169 3781 1170 3785 ,

921 3862 929 3875 .
1051 3810 1137 3886 Res:
