2354 4140
319 110 478 173 ttttEtt
500 113 593 171 xiv.
635 110 724 171 cri.
749 112 805 172 tv.
829 114 868 171 v.
1039 58 1131 183 635'

494 298 1104 319 ..................................

83 334 266 417 religione,
281 357 354 396 non
376 336 590 414 viribus'suis,
613 352 696 397 tutus
720 336 806 397 esset.
850 338 913 400 sed
927 336 1125 421 postquam,

88 420 200 507 Regem
216 419 320 506 Persea
342 420 453 504 consuli
469 420 570 483 Paullo
582 420 728 506 salutem,
750 425 844 507 legit3
865 424 1105 485 miserationem

87 528 224 571 omnem
241 506 374 590 stttltitia
388 510 569 593 ignorantis
583 508 749 570 fortunam
768 508 856 572 fuam
872 512 999 572 exemit.
1045 513 1105 571 Ita·
1143 533 1148 545 ·

88 616 153 679 que
174 612 361 677 quanquam
380 597 418 657 in
446 597 570 677 reliqua
591 612 682 677 parte
704 598 869 659 literarum
897 599 1033 658 minime
1056 619 1104 659 re-

90 684 160 767 giae
177 700 291 765 preces
308 699 418 759 erant,
441 699 552 743 tamen
566 680 637 750 line,
651 682 803 766 responso
815 707 853 745 ac
868 685 935 745 line
950 686 1050 749 literis
1068 706 1106 747 ea
1134 726 1139 737 .

90 769 205 851 legatio
230 764 356 829 dimissa
378 768 431 830 est.
475 768 576 831 Sensit
598 768 743 846 Perseus,
768 773 1014 854 cujusnominis
1029 772 1105 831 obli-

91 852 280 919 riscendum
295 857 378 916 victo
398 855 491 917 esset:
514 857 619 937 itaque
641 858 759 917 alterae
772 858 883 919 literae
899 882 972 919 cum
990 856 1106 941 privati

90 942 239 1003 nominis
261 942 352 1001 titulo
373 942 502 1018 missae,
529 959 560 1003 et
581 943 720 1025 petiere,
746 960 784 1004 et
813 946 1045 1028 impetravere,
1072 959 1107 1003 ut
1146 977 1149 995 ·

92 1029 192 1111 aliqui
210 1026 340 1088 adeum
357 1030 578 1103 mitterentur,
601 1050 675 1088 cum
696 1030 808 1115 quibus
823 1035 909 1115 loqui
923 1034 965 1091 tle
982 1031 1108 1091 statuet

93 1114 283 1177 conditione
305 1113 377 1175 suae
396 1113 545 1175 fortunae
570 1114 680 1197 posset.
725 1116 808 1177 stilti
822 1118 895 1178 sunt
917 1136 979 1179 tros
1002 1116 1106 1200 legati,

95 1204 129 1263 P.
145 1202 313 1277 LentuluS,
342 1198 382 1263 A.
400 1200 569 1263 Postumius
588 1200 743 1280 Albinus,
766 1202 806 1263 A.
829 1204 1004 1267 Antonius.
1051 1204 1108 1265 Ni·

96 1288 146 1349 hil
170 1308 207 1349 ea
228 1288 385 1369 legatione
408 1287 587 1371 perfectum
607 1286 668 1364 est,
705 1289 816 1350 Perseo
836 1294 959 1373 regium
983 1310 1109 1351 nomen
1143 1288 1146 1299 '

50 1434 53 1439 ,
90 1374 193 1447 -omni
214 1374 247 1437 ri
271 1377 503 1456 amplectente,
533 1375 656 1449 Paullo,
687 1392 721 1435 ut
743 1376 775 1436 sc
795 1374 910 1459 suaque
936 1378 1045 1438 omnia
1071 1376 1109 1437 in
1133 1436 1137 1443 ,

98 1460 196 1547 sideru
217 1476 249 1521 et
271 1462 478 1523 clementiam
497 1461 609 1544 populi
631 1462 775 1523 Rotnani
794 1466 1010 1546 permitteret,
1035 1483 1109 1529 con·

98 1546 266 1610 tendente.

122 1772 125 1789 .
150 1728 153 1733 '
184 1720 225 1781 V.
247 1719 339 1783 Dum
358 1720 438 1782 haec
465 1722 620 1803 aguntur,
655 1718 755 1781 classts
779 1722 839 1782 Cn.
864 1722 987 1783 Octavii
1005 1725 1111 1785 Samo·

102 1806 245 1887 thracam
267 1807 312 1867 est
335 1806 473 1891 appulsa.
517 1809 706 1889 Isquoque,
730 1806 889 1889 praesenti
906 1808 1034 1871 admoto
1051 1825 1111 1868 tor·

103 1910 196 1970 tore,
216 1892 314 1955 modo
334 1896 450 1971 minis,
472 1892 570 1955 modo
591 1893 647 1977 spe
665 1895 840 1978 perlicere,
863 1912 896 1953 ut
911 1894 940 1953 se
961 1895 1111 1967 traderet,

66 2010 70 2019 ·
103 2000 177 2041 cum
198 1996 388 2058 conaretur3
412 1981 530 2065 adjuvit
552 1983 589 2041 in
607 1982 669 2041 hoc
692 2003 764 2041 eum
784 2002 852 2057 res,
873 1981 925 2039 seu
945 1980 1015 2040 casu
1037 2001 1112 2040 con·

101 2082 220 2143 tracta,
242 2066 450 2129 seucousilio.
496 2070 531 2128 L.
547 2066 661 2130 Atilius
674 2067 801 2130 illustris
816 2067 1018 2140 adolescens,
1040 2088 1113 2125 cum

101 2154 140 2217 in
156 2156 316 2215 concione
335 2154 398 2215 esse
411 2157 564 2239 populum
583 2154 824 2215 Samothracum
845 2157 990 2217 animum
1005 2152 1114 2213 adver·

101 2238 204 2316 tillet,
234 2260 254 2300 a
275 2240 504 2323 magistratibus
526 2242 632 2323 petiit,
669 2257 703 2299 ut
723 2240 777 2301 fibi
800 2244 907 2324 paucis
930 2236 1115 2321 alloquendi

103 2327 216 2411 populi
238 2326 425 2407 potestatem
445 2326 602 2388 facerent.
646 2326 816 2403 Permisso,
848 2326 954 2386 Utrum
975 2347 1047 2401 nos,
1066 2322 1115 2385 lto-

64 2473 72 2487 ,
116 2417 197 2497 pitu
233 2410 451 2487 Samothraces,
487 2434 557 2473 uere
591 2418 772 2495 accepimus,
812 2435 849 2475 an
876 2412 974 2495 fialso,
1004 2412 1118 2496 fitcram

87 2496 180 2561 ‚baut
199 2499 341 2582 insulam,
376 2518 406 2560 et
426 2498 541 2583 augusti
562 2518 652 2561 totam
678 2518 767 2579 atque
795 2498 930 2561 inviolati
960 2498 1014 2575 soli
1043 2496 1117 2580 effe?

105 2588 186 2649 Cum
200 2586 342 2649 creditae
357 2586 513 2649 sanctitati
529 2584 756 2647 assentirentur
771 2608 900 2663 omncs,
928 2585 993 2645 Cur
1008 2591 1118 2672 igitur,

105 2672 233 2755 inquit,
268 2672 414 2754 pollutam
436 2669 579 2733 homicida
591 2670 737 2757 fiangut'nc
765 2679 847 2759 regit
873 2674 1010 2734 Ettmeris
1032 2671 1117 2734 viola-

106 2760 180 2820 vit?
201 2778 248 2835 er,
287 2780 349 2821 cum
370 2762 460 2820 omnis
490 2758 641 2839 praesum
656 2759 812 2841 sacrorum
835 2781 900 2829 eos,
931 2759 1119 2841 quibuscum

104 2843 167 2919 fiat
199 2862 293 2926 purat
330 2866 448 2915 manus,
486 2844 577 2923 fiacris
598 2865 714 2921 arceat,
749 2868 801 2908 uos
830 2844 995 2927 penetralia
1026 2844 1119 2922 vestra

110 2936 301 2995 contaminari
323 2950 447 2993 cruento
470 2931 595 2992 latronis
618 2953 748 3014 corpure
764 2932 891 3006 finctis?
925 2930 1050 2991 Nobilis
1074 2930 1119 2989 sa·
1150 2956 1158 2967 ·

109 3036 164 3079 tna
177 3035 263 3093 erat,
288 3018 373 3102 apud
388 3038 500 3079 omncs
515 3018 669 3080 Graeciae
684 3020 843 3094 civitates,
869 3016 1025 3077 Eumenis
1037 3016 1119 3099 regis

97 3118 169 3187 'per
183 3104 375 3166 Evandrum
388 3104 527 3188 Delphis
540 3128 643 3188 prope
656 3121 838 3187 perpetrata
851 3102 973 3165 caedes.
999 3104 1119 3184 Itaque,

109 3205 333 3271 praeterquam
349 3191 435 3275 quod
448 3194 485 3252 in
498 3190 650 3273 potestate
656 3194 878 3250 Romanorum
895 3189 958 3251 sese
971 3188 1121 3252 insulam-

112 3293 176 3357 que
192 3290 289 3333 totatu
303 3294 334 3336 et
347 3280 502 3359 templum
517 3280 696 3337 cernebant
712 3274 791 3351 esse,
815 3296 858 3335 ne
880 3270 1040 3339 immerite
1054 3278 1121 3359 qui-

68 3372 74 3379 ‘
112 3359 189 3421 dem
216 3379 255 3417 ea
274 3360 331 3421 fibi
355 3364 525 3445 exprobari
548 3364 627 3437 rati,
658 3361 868 3438 Theondam,
907 3366 961 3447 qui
982 3364 1122 3425 summus

112 3444 313 3529 magistratus
326 3448 411 3531 apud
425 3470 479 3509 eos
495 3465 573 3524 erat,
593 3452 716 3531 (regem
732 3446 787 3534 ipfi
802 3452 981 3533 appellant)
990 3450 1036 3512 «ad
1051 3456 1123 3513 Per·

64 3557 78 3609 j.
112 3535 166 3596 sea
182 3534 331 3611 mittunt,
354 3536 406 3616 qui
432 3536 617 3610 nuntiaret,
639 3536 687 3594 Ar
710 3538 741 3595 ui
754 3533 847 3597 raedis
862 3535 1032 3601 Euandrum
1051 3538 1124 3599 Cre·

114 3621 231 3705 reusam.
274 3619 327 3703 effe
350 3638 445 3685 autem
459 3618 575 3702 judicia
589 3620 672 3702 apud
681 3554 738 3705 sese
754 3642 835 3682 more
855 3628 994 3710 majorum
1013 3644 1124 3707 cortpo-

117 3728 187 3772 rm
212 3705 256 3771 aa
273 3713 326 3792 it's,
356 3709 411 3795 qui
437 3703 553 3787 tavellas
584 3726 682 3773 maus
714 3708 842 3791 ntultffe
870 3717 953 3776 iura
984 3716 1127 3801 seminar

87 3824 90 3829 ·
1050 3800 1152 3881 intre·
