2354 4140
114 215 477 309 ·-··‘.····u.c·5

478 240 530 310 59.

116 313 521 343 m*

119 363 272 436 cossecto3
299 353 441 416 necdum
464 366 545 413 noto
567 349 637 435 satis
658 353 747 411 inter
759 350 810 427 se,
833 351 980 411 utfidere
993 352 1050 415 alii
1063 355 1133 419 aliia

119 446 256 535 possent.
302 444 431 524 Ligures
450 436 659 499 multitudine
676 436 751 498 steti
766 454 798 498 et
811 438 851 498 in
866 440 968 497 aciem
985 441 1131 519 exibant,

119 536 221 623 parati
243 531 284 594 de
300 528 422 590 summa
435 548 546 595 rerum
560 524 755 589 decernere:
771 541 810 591 ,et
824 524 1028 586 abundantes
1050 528 1133 589 mili·

118 640 189 685 tum
210 638 348 680 numero
372 606 483 698 pastun
505 613 620 672 multas
643 632 766 672 manus·
778 632 839 693 per
859 630 1004 674 extrema
1016 613 1133 677 finium

121 710 164 772 ad
187 702 410 792 praedandum
431 703 636 761 emittebant-t
665 717 713 775 et,
732 721 816 758 cum
831 714 938 781 coacta
954 703 1001 775 vis
1014 716 1135 785 magna
1150 770 1154 779 ,

71 794 74 805 '
120 813 273 882 pecorum
301 787 504 877 praedaeque
522 784 624 863 esset,
644 802 810 871 ·paratum
836 804 904 848 erat
918 790 1131 873 ‘praesidium'

120 891 179 971 p‘er
199 880 285 967 quod
307 881 345 941 in
358 875 482 937 castella
496 895 608 936 eorum
623 875 772 956 vicosque
786 891 942 959 ageretur.
966 948 970 957 ι

33 1120 37 1127 ,
226 1056 282 1118 IV.
325 1052 407 1113 Cum
426 1050 548 1123 bellum
571 1044 768 1130 Ligustinum
783 1045 824 1108 ad
840 1039 921 1110 Pisas
935 1041 1126 1128 constitisset,
1146 1083 1149 1088 ·

122 1141 233 1206 consul
259 1142 339 1199 aster
360 1140 394 1198 L.
410 1137 580 1198 Cornelius
593 1138 964 1219 blendanenextremos
976 1137 1128 1220 Ligurum

23 1216 50 1275 ¹,
122 1232 205 1294 fines
224 1226 406 1288 exercitum·
423 1222 461 1285 iti
486 1240 594 1305 agrum
621 1223 774 1305 Boiorum
797 1221 942 1303 induxit,
963 1225 1132 1309 ubisonge

121 1321 184 1379 atta
205 1314 284 1376 belli
305 1312 406 1386 ratio,
428 1330 523 1392 quam
544 1332 616 1369 cum
632 1311 815 1393 Liguribus,
840 1328 916 1371 erat.
960 1308 1078 1373 Consul
1094 1306 1132 1373 in

123 1406 226 1466 aciem
248 1400 354 1480 exibat
360 1443 372 1481 ‚
394 1395 498 1457 hostes
512 1396 909 1480 pugnam·detrectabant';
929 1397 1134 1481 praedatums

123 1508 200 1575 que,
229 1487 285 1547 nbi
308 1494 407 1545 nemo
429 1484 556 1547 obviam
579 1478 696 1561 exiret,
727 1484 950 1545 discurrebant
970 1480 1133 1563 Rouaarti3=

123 1576 194 1658 Boji
209 1572 306 1657 diripi
324 1571 378 1654 sua
391 1572 543 1655 impune,
574 1592 669 1652 quam
684 1570 806 1631 tuendo
825 1594 862 1631 ea
876 1572 1047 1633 conserere
1068 1594 1133 1633 cer·

122 1680 250 1737 tamen,
272 1659 445 1719 malebant.
491 1655 656 1739 Postquam
677 1660 788 1719 omnia
811 1658 900 1719 serto
915 1658 1141 1743 ignique'satit

124 1747 258 1812 evastata·
270 1763 391 1823 «erant,
415 1742 524 1807 consul
549 1758 623 1828 agro
636 1742 775 1806 hostium
791 1738 935 1823 excessit,
957 1763 989 1806 et
1009 1746 1052 1807 ad
1065 1748 1133 1809 Mu-

101 1874 109 1889 .
123 1838 226 1897 tinam
241 1835 369 1917 agmine
385 1833 526 1908 incauto,
548 1849 583 1890 ut
598 1833 684 1891 intc'r
699 1826 836 1916 pacatoS,
861 1833 1007 1895 ducebat.
1051 1833 1132 1919 Boji,
1155 1852 1159 1857 '

123 1926 180 1985 ubi
203 1920 360 2005 egressum
376 1941 393 1979 e
407 1920 525 1980 finibus
539 1917 600 1979 suis
618 1917 741 1981 bostem
754 1920 898 1998 sensere,
921 1920 1133 2003 sequebantur

123 2008 229 2071 silenti
244 2009 382 2092 agmine,
404 2004 653 2075 locum-insidiis
663 2025 861 2088 quaerentes.
876 2025 980 2069 nocte
994 2026 1131 2093 praeter-

121 2094 214 2182 greffi
229 2096 328 2157 castra
343 2091 637 2170 Romana'sastum,
658 2116 720 2177 qua
735 2088 971 2155 transeundum
986 2112 1055 2157 erat
1070 2098 1132 2156 Ro·

120 2185 245 2260 mania,
272 2179 473 2243 insederunt.
518 2177 558 2239 Id
582 2202 656 2239 curn
684 2202 798 2263 parum
824 2184 947 2243 occulte
975 2181 1133 2259 fecissent,

122 2269 249 2346 consul,
280 2269 335 2351 qui
355 2269 456 2339 multa
474 2282 571 2325 nocte
592 2265 697 2330 soiitos
722 2286 790 2328 erat
802 2292 932 2330 movere
950 2268 1066 2347 castra,
1088 2287 1133 2331 n!
1160 2336 1163 2343 ,

120 2376 190 2419 nox
206 2373 365 2415 terrorem
381 2356 418 2414 in
436 2353 643 2412 tumultuario
655 2356 778 2434 proelio
792 2372 936 2439 augeret,
958 2359 1066 2417 lucem
1081 2376 1132 2417 ex·

121 2443 289 2527 spectavit:
319 2456 463 2516 et,'cum
487 2440 559 2498 luce
584 2457 745 2517 moveret,
767 2457 877 2502 tamen
892 2459 1034 2505 tunnam
1045 2442 1131 2526 equis

123 2546 193 2588 tum
214 2527 417 2611 explorattun
437 2522 528 2584 misrt.
572 2523 736 2609 Postquam
760 2531 896 2590 relatum
911 2528 971 2608 est,
995 2540 1136 2613 quantae·
1163 2546 1167 2559 ¹

124 2617 251 2699 copiae,
272 2629 304 2672 et
325 2614 362 2672 in
384 2634 446 2694 quo
463 2613 533 2672 ioco
547 2608 668 2690 essent,
682 2615 776 2675 totius
790 2618 926 2700 agminis
941 2617 1081 2679 sarcinas
1094 2618 1130 2696 in

122 2699 267 2765 medium
289 2696 405 2781 conjici
430 2696 530 2782 jussit,
561 2714 591 2758 et
612 2700 736 2762 triarios
759 2705 1138 2786 yallumcircumjiceret.

124 2806 230 2852 cetero
255 2786 395 2847 exercitu
413 2784 567 2846 instructo
587 2784 629 2845 ad
650 2786 773 2848 hostem
799 2790 947 2853 accessit.
972 2791 1080 2852 aldem
1100 2804 1130 2853 et

124 2874 211 2938 &alli
231 2873 395 2950 secarunt,
416 2870 582 2956 postquam
605 2892 729 2957 apertas
749 2875 811 2936 esse
826 2877 971 2955 insidias,
992 2869 1027 2939 ‘et
1042 2868 1132 2939 recto·
1153 2888 1160 2898 ⁴

121 2983 158 3023 ac
184 2960 264 3047 justo
295 2962 437 3045 proelio,
474 2958 531 3021 ubi
558 2980 636 3025 vera
660 2963 759 3027 virtus
780 2965 939 3044 vinceret,
974 2964 1130 3028 dintican·

120 3048 200 3137 dum
213 3048 377 3114 viderunt.
434 3098 439 3125 5

199 3224 259 3304 Ν,
298 3224 386 3287 Hora
398 3216 538 3283 secunda
550 3216 653 3286 ferme
667 3218 857 3284 concursum
875 3220 928 3286 est.
946 3220 1073 3286 sinistra
1085 3220 1130 3287 [οὲ

119 3307 244 3373 ciorum
267 3312 321 3372 asa.
337 3327 370 3371 et
389 3307 637 3372 extraordinarii
656 3312 762 3394 prima
782 3312 820 3373 in
842 3312 908 3373 acie
929 3316 1130 3397 pugnabant.

116 3413 289 3480 praeerant
302 3396 365 3459 duo
377 3395 558 3458 consideres
571 3397 674 3479 legati,
694 3401 738 3458 tt.
759 3400 973 3483 tlarcettuset
979 3400 1033 3461 Ti.
1043 3400 1130 3463 Sem·

37 3504 41 3509 ’
114 3484 267 3569 pronius,
299 3486 415 3568 prioris
437 3484 518 3543 anni
544 3483 665 3545 consul.
710 3485 821 3548 Novus
844 3485 954 3547 consus
978 3506 1072 3547 nunc
1088 3482 1132 3547 ad

114 3571 221 3655 prima
234 3569 322 3653 figna
341 3589 424 3647 erat,
451 3589 543 3633 nunc
556 3572 700 3655 legiones
712 3568 900 3655 continebat
913 3573 951 3635 in
965 3568 1130 3651 subsidiis;

32 3652 35 3659 ’
113 3677 159 3719 ne
184 3658 367 3722 certaminis
391 3655 493 3717 studio
514 3659 601 3741 prius
619 3654 872 3743 procurrerent,
900 3682 997 3744 quam
1015 3659 1143 3722 datum·

96 3739 229 3825 &aaa
250 3744 338 3819 esset.
383 3742 506 3837 equas
527 3764 644 3839 aarum
665 3761 758 3815 extra
779 3748 933 3812 aciem'm
947 3750 1057 3811 locum
1072 3768 1128 3831 pa-

552 3850 557 3857 .
1036 3845 1137 3895 ,Q
