2354 4140
335 104 344 111 ”
359 106 514 171 LIBER
536 111 635 172 XLV:
673 112 744 172 sut.
764 111 861 173 XXII.
1054 112 1115 182 651

716 187 1117 213 ——m--auud—-d

112 328 230 391 Rumam
249 333 446 414 venissemus,—
473 355 510 393 en
539 332 655 413 publico
680 332 810 416 hospicio
832 340 863 396 in
887 342 997 399 curiam
1015 318 1118 422 grutu-

86 412 204 477 'lutum
228 414 326 495 uoltis,
357 419 458 481 Petris
480 420 658 501 conscripti,
701 443 738 481 ex
760 426 843 483 curia
870 428 902 483 in
939 423 1119 505 Capitolium

112 502 151 563 ed
176 499 258 562 Deos
277 503 388 582 ueslror
403 504 486 577 'cluna
501 506 638 587 ferentes
645 529 658 578 ;
688 527 763 567 nunc
785 530 822 568 ex
837 508 964 589 sordida
986 508 1124 592 deversa}-

54 626 65 649 -.
111 591 177 666 ria,
206 592 260 649 uite
281 590 409 655 mercede
433 597 563 675 recepti,
598 613 749 679 uc·prope
771 590 892 670 lensiium
919 617 999 657 more
1033 614 1119 655 extra

112 674 211 736 urbem
238 695 354 737 munere
371 678 462 761 jussi,
500 685 530 740 t'n
554 676 606 739 leot
626 680 767 761 squalore
790 684 919 742 venimus
947 685 978 742 in
1010 684 1121 741 curiam

111 760 269 824 Romanam
304 761 432 840 nicia,
458 784 548 847 ·quas
575 770 740 847 provinciis
769 785 867 849 nuper
901 768 997 851 ‚Lycia
1033 787 1121 849 atque

114 846 223 923 Caria,
259 868 331 931 quos
357 854 496 932 praemiis
524 869 612 932 utque
643 848 804 913 leonorileur
822 853 1000 938 ampliffintis
1029 852 1120 915 dona·

70 968 73 973 ·
102 932 175 1011 siit.¹
193 996 197 1003 ,
215 934 258 994 Ec
287 935 465 998 Macedonas
497 935 677 1022 lllyriosque
704 937 812 1000 liberor
844 938 912 1023 effe,
953 942 1005 1015 (uc
1032 939 1120 1002 audi·

54 1098 57 1103 Ι
85 1021 191 1096 'mus)
217 1018 343 1102 jubetis,
368 1043 445 1099 *cum
467 1021 650 1104 struimur,
688 1044 841 1104 antequam
868 1029 1011 1090 vobiscum
1036 1026 1121 1089 bella·

113 1126 199 1167 rette:
231 1110 299 1182 (nec
321 1110 490 1193 cujusquam
505 1109 652 1190 fortunat
674 1110 853 1185 invidemus,
888 1115 971 1172 immo
992 1112 1136 1198 agnosci-¹

111 1210 175 1251 mus
196 1192 367 1256 clementium
385 1194 495 1278 populi
520 1195 659 1272 Romani)
687 1193 837 1270 thodias,
867 1202 919 1278 qui
940 1194 1014 1258 nileil
1036 1198 1120 1259 eliud

113 1296 198 1361 quem
220 1284 399 1359 anieperunt
423 1279 585 1358 inehela,
624 1279 714 1360 leosler
737 1306 773 1342 ex
786 1284 874 1365 sociis
888 1284 1013 1371 secturi
1031 1284 1119 1355 eliis?
1162 1320 1166 1333 ·

112 1362 207 1444 'Certe
228 1367 345 1446 quidem
368 1389 418 1428 uos
446 1367 509 1445 estis
528 1367 666 1446 Bouiani,
698 1374 750 1450 qui
771 1368 834 1431 ideo
850 1370 954 1450 felicia
977 1370 1048 1432 bellu
1067 1380 1138 1430 νει·

104 1447 172 1535 stre
193 1451 264 1532 esse,
286 1458 355 1536 quia
373 1452 450 1537 jusit
466 1452 548 1529 siat,
569 1475 643 1533 prae
667 1454 872 1535 uoltisfereis5
895 1476 944 1516 nec
961 1474 1018 1516 tam
1035 1461 1133 1516 exitu,

84 1554 231 1611 .earttm‚
270 1540 510 1620 quodammado,
553 1558 640 1618 quum
660 1544 839 1623 principiis,
876 1542 956 1624 quod
982 1563 1037 1601 non
1057 1541 1121 1615 fine

110 1620 195 1704 cause
209 1621 397 1706 suscipiatis,
434 1624 616 1710 gloriemini.
675 1625 807 1706 Mesena
836 1632 866 1688 in
896 1626 995 1689 Sicilia
1030 1649 1122 1708 appu.

61 1762 64 1767 .
94 1726 102 1733 ·
157 1726 206 1770 uta
222 1708 497 1796 Carthaginienses,
529 1707 659 1771 Atltenae
681 1730 867 1795 oppugnatae
888 1732 917 1770 et
940 1712 1121 1774 Graecia'in

97 1802 110 1829 ‘
127 1788 284 1857 mititem
304 1803 418 1881 perita,
459 1815 487 1856 et
507 1796 626 1881 adjutus
653 1796 798 1859 Hannibal
820 1800 964 1878 pecunia,
984 1799 1120 1873 auxiliis,
1151 1791 1154 1797 ’

116 1874 303 1962 Philippum*
318 1880 424 1961 ltoslem
473 1902 601 1948 ecerunt.
659 1879 823 1944 Antiaeltut
857 1883 934 1965 ipse,
978 1882 1059 1945 ultro
1085 1884 1120 1945 alt

96 1964 230 2041 motulis
256 1967 382 2049 hostibus
403 1881 506 2050 utlaii
529 1968 696 2054 mesdeus,
725 1991 762 2029 ex
786 1965 853 2041 Alia
875 1964 956 2047 claffe
979 1973 1010 2029 in
1027 1968 1146 2030 Grae-e

107 2054 185 2123 ¹ciem
206 2057 343 2135 eraserim
379 2053 589 2132 Demetriade,
626 2051 828 2124 et'Claalciale.
865 2072 894 2113 et
913 2053 996 2137 saltu
1030 2051 1122 2114 Tlaer.

57 2126 68 2149 “
113 2140 301 2225 mapylarum
326 2160 484 2224 occupato,
519 2140 554 2202 de
579 2139 745 2224 posessione
775 2144 895 2222 imperii
921 2138 1148 2222 vordejicere·

57 2288 61 2301 Ι
111 2244 244 2287 conatus.
307 2226 381 2287 Cum
405 2226 511 2309 Perseo
523 2227 600 2308 socii
622 2224 712 2303 vestri
739 2231 921 2310 oppugnati,
957 2224 1009 2286 ulii
1029 2229 1123 2285 itener-

107 2311 189 2394 secti
211 2312 311 2397 reguli
331 2317 542 2394 principesque
573 2318 702 2397 gentium
731 2330 782 2373 eut
805 2312 1004 2395 populorum,
1043 2310 1123 2393 causa

114 2397 183 2458 belli
205 2402 286 2459 uobis
302 2399 405 2479 fuere.
461 2399 553 2478 Quem
575 2397 691 2459 eundem
714 2397 833 2458 titulum
856 2397 952 2474 noslre
980 2397 1124 2461 calamitas

96 2480 253 2546 'ltaliiettra
277 2486 332 2564 esi,
355 2485 384 2560 st
409 2488 545 2567 perituri
558 2484 686 2567 sumus?
717 2484 855 2544 Nondum
871 2484 997 2569 segrego
1021 2488 1123 2545 civita·

115 2573 157 2631 eis
181 2572 291 2655 causum
311 2593 329 2632 a
351 2570 513 2656 Polyarato
536 2589 565 2630 et
587 2568 724 2646 Dinone,
751 2569 862 2631 civibus
884 2569 1005 2647 nostris,
1028 2590 1057 2630 ee
1075 2575 1123 2647 iit,

102 2665 208 2735 ‘quem
231 2676 267 2718 ut
288 2658 470 2719 traderemur
492 2655 600 2732 oolis‚'
627 2653 812 2719 adduximus}
866 2655 898 2716 Si
920 2677 1017 2718 omnen
1043 2653 1123 2718 Rlao·

116 2740 163 2802 'dii
182 2763 270 2826 aeque
291 2746 376 2804 nonii
402 2741 530 2823 effertus,
560 2742 640 2822 quad
655 2744 781 2822 nostrum
796 2748 827 2806 in
848 2739 900 2804 leuc
919 2742 991 2803 laelio
1014 2748 1123 2804 crimen

91 2824 209 2907 'essen²
245 2829 346 2914 Persei
373 2828 509 2911 partibus
527 2826 683 2910 favimut3
720 2848 764 2906 et,
794 2828 1033 2912 quemadmodum
1065 2830 1127 2888 An-

118 2910 210 2976 tioclai
235 2914 428 2996 Pltilippiqtte
448 2913 520 2976 bello
543 2936 602 2996 pra
619 2918 701 2977 uoltis
721 2916 859 2998 aduersus
879 2933 978 3058 repes,
994 2910 1125 2983 Jt'enunc

115 3019 177 3083 pra
198 3022 267 3088 rege
293 3001 431 3084 adversius
461 3022 511 3062 uos
523 2999 667 3079 stetimus.
729 2998 902 3081 Quemadma
925 3016 971 3057 um
984 2996 1127 3080 soleamus

110 3082 206 3168 socios
221 3093 350 3172 juvare,
396 3105 426 3148 et
448 3107 535 3169 quam
563 3092 691 3172 impigre
719 3084 859 3167 capeffere
885 3080 980 3157 heda,¹
1014 3081 1050 3142 C.
1076 3083 1128 3145 Li·

57 3179 60 3185 '
117 3174 235 3246 nium·
254 3174 289 3233 L.
315 3173 468 3235 Aemilium
502 3172 648 3258 Regillum
677 3177 880 3255 interrogate,
917 3173 971 3250 qui
988 3167 1128 3253 classibue

118 3250 225 3328 uestris
253 3262 284 3316 in
304 3258 374 3331 Asta
396 3257 604 3340 praefuerunt.
658 3258 814 3340 Nunquam
841 3249 950 3332 ueslrae
972 3274 1055 3319 naues
1068 3276 1128 3339 pu·

121 3359 250 3425 gnavere
268 3339 329 3416 fine
346 3341 440 3411 nobie,
484 3343 580 3422 nostru
603 3342 682 3427 classe
709 3347 903 3429 pugnauimus
916 3342 1003 3425 semel
1017 3343 1055 3405 ad
1077 3342 1130 3404 Su·

119 3444 216 3501 munt,
260 3432 370 3500 iterum
400 3424 433 3492 in
461 3426 639 3515 Pamplaplia
663 3431 802 3514 aduersus
827 3428 1015 3491 Hannibalem
1039 3436 1128 3511 impe·

120 3533 261 3577 nutarem.
304 3534 380 3596 quae
402 3521 528 3579 uictoria
548 3514 629 3579 eolis
649 3538 681 3580 eo
701 3513 861 3605 gloriostor
877 3512 930 3593 esi,
949 3517 1046 3598 quod,
1060 3534 1131 3576 -cunt

119 3599 159 3663 ad
197 3599 308 3664 Samum
342 3622 469 3688 mgnum
502 3622 619 3685 partem
659 3598 774 3681 navium
811 3602 932 3685 aduersa
968 3624 1068 3688 pugna
1086 3623 1132 3667 ··ec

120 3693 271 3776 egregiam
290 3689 482 3775 juventutem
510 3687 707 3773 umififfentur,
731 3712 777 3771 ,ne
798 3689 1026 3773 runta'ant’dem
1054 3685 1151 3755 elide.

1029 3834 1047 3843 ,.
1087 3784 1162 3843 eec-

1071 3854 1080 3881 «,
1098 3842 1132 3872 ..ιι
