2354 4140
336 121 493 185 itanu
513 126 606 189 utu.
653 132 723 191 cn.
747 96 799 194 1x'.
817 136 853 197 x.

83 200 888 233 .—·--—------—--...........
1032 149 1098 217 515

83 346 163 421 bus,
187 342 321 407 insultus
351 352 507 431 praetori,
540 352 682 411 -llomum
704 352 817 433 rediit;
849 358 1022 445 senatuque
1044 365 1096 426 eir·

83 432 208 515 templo
220 431 262 493 ad
277 432 391 496 aedem
403 436 558 497 Bellonae
574 455 694 515 uocato,
709 444 816 502 multis
831 448 936 507 verbis
950 448 1095 515 invectus

85 519 135 581 est
147 520 399 603 inpraetorem:
422 527 493 603 qui,
516 542 580 583 tum
596 524 629 584 ab
645 526 792 587 rantello
808 526 875 590 bene
897 532 1016 617 gesion,
1046 542 1096 599 nti

87 605 165 667 Diis
193 606 405 669 inmortalibus
425 604 528 693 ¹stortae
555 604 728 682 haberetur,
766 612 887 693 referre
907 618 947 679 ad
957 620 1095 701 senatun

81 688 241 777 astituiffet,
276 692 417 777 adversus
443 693 492 779 se
507 698 565 779 'pro
597 692 722 772 laptiles
735 699 1022 794 finatuseausultun
1040 706 1094 789 fe·

37 794 42 802 ·
73 778 185 864 niffen
212 798 273 861 quo
293 783 449 841 victoriane
463 781 548 864 suant
566 781 607 843 ael
627 782 755 868 Ligures
775 788 977 869 transferret,
1008 792 1092 855 dedi·

80 868 198 951 quails
220 882 317 949 propt
341 865 481 949 consulent
504 887 631 951 praetor
645 870 776 951 juberet.
829 872 931 957 Itaque
957 876 1092 941 ntulttan

82 960 111 1017 ei
119 952 286 1037 feditate:
305 974 324 1015 a
342 951 486 1017 Patribus
501 952 660 1037 postulare,
682 976 718 1016 ut
723 957 1004 1043 finctuseousultunt
1018 968 1049 1025 in
1055 965 1091 1049 se

70 1040 193 1125 suetan
214 1038 281 1101 tolli
293 1039 454 1125 juberent:
468 1039 786 1127 supplicationemque,
809 1064 892 1127 quan
906 1047 1034 1126 absentes
1052 1072 1091 1111 ex

76 1126 203 1201 ‘louein
222 1124 259 1188 ae
271 1124 339 1188 beat
351 1124 428 1212 gesta
443 1126 598 1210 republica
618 1124 723 1209 tniffis,
754 1129 908 1193 decernere
925 1132 1091 1215 debuiriat,

79 1212 247 1299 praesentet
261 1208 383 1275 honoris
397 1211 534 1277 Deorum
545 1218 674 1297 printun
687 1215 786 1300 causa,
809 1216 914 1281 deinde
934 1220 1021 1304 etsui
1035 1221 1090 1284 ali·

81 1320 143 1387 qua
169 1298 285 1361 tundent
319 1299 472 1383 respectu,
508 1298 706 1362 decernerent.
755 1304 868 1365 Nihilo
902 1308 1088 1386 lenioribus,

82 1405 181 1473 quam
201 1384 332 1462 absens,
355 1384 536 1447 senatorum
553 1389 671 1469 aliquot
683 1391 880 1453 orationibus
900 1395 1089 1477 increpitus,

79 1490 199 1556 neutro
218 1476 388 1557 impetrata
408 1494 463 1551 re,
485 1474 523 1534 in
544 1475 745 1557 provinciam
767 1476 860 1539 redit.
904 1479 996 1541 Alter
1013 1501 1090 1541 con·

79 1560 129 1625 sul
138 1558 332 1636 Postumius,
354 1559 519 1620 consumta
534 1559 646 1620 aestate
662 1562 699 1621 iu
715 1562 980 1645 recognoscendis
996 1569 1089 1651 agris,

79 1664 127 1711 πε
138 1646 204 1713 visa
216 1644 348 1731 quidem
361 1648 528 1730 prouincia
541 1645 604 1723 sota,
629 1650 830 1708 comitiorum
845 1651 935 1711 causa
948 1655 1090 1715 Romam

78 1732 187 1799 rediit.
229 1730 375 1797 consules
395 1735 430 1796 C.
448 1735 616 1816 Popillium
630 1734 821 1809 Laenatem,
844 1738 875 1796 P.
889 1736 1018 1799 Aelium
1039 1741 1088 1801 Li·

81 1842 194 1905 gurem
204 1822 335 1883 creauit.
379 1821 542 1881 Praetores
558 1818 677 1880 exinde
692 1819 768 1880 facti
783 1823 816 1880 C.
833 1822 974 1884 Licinius
997 1824 1087 1887 Cras-

83 1907 154 1985 sus,
166 1910 217 1989 ‚ln
232 1909 347 1973 lunius
360 1908 505 1983 Pennus,
529 1906 580 1988 Sp.
595 1908 775 1983 Lucretius,
798 1908 849 1992 Sp.
866 1910 1002 1986 Cluvius,
1025 1914 1085 1971 Cn.

80 1994 232 2077 sicinina,
263 1996 298 2057 C.
314 1994 485 2071 Memmius
501 1994 628 2054 iterum.

144 2216 147 2221 -
168 2170 206 2231 X.
223 2168 274 2231 Eo
285 2188 376 2229 anuo
391 2166 525 2227 lustrum
545 2166 711 2227 conditum
726 2164 779 2225 est.
822 2164 978 2227 Censores
992 2182 1087 2228 erant

38 2276 41 2281 ·
77 2258 119 2339 Qe
141 2256 269 2319 Fulvius
295 2256 440 2333 Flaccus,
468 2252 508 2313 A.
529 2252 702 2313 Postumius
722 2250 871 2312 Albinus.
915 2252 1087 2315 Postumius
1126 2278 1130 2285 ·

76 2340 236 2407 condidit.
266 2340 369 2403 Censa
381 2340 455 2402 sunt
464 2339 583 2401 civium
591 2341 817 2399 Romanorum
832 2338 934 2421 capita
946 2338 1086 2401 ducenta

75 2430 241 2516 sexaginta
255 2450 375 2490 novem
390 2427 494 2489 millia
506 2442 538 2485 et
559 2425 754 2507 quindecim.
798 2426 909 2485 Minor
923 2417 1085 2509 aliquanto

61 2526 250 2597 ,humetum
284 2516 358 2597 quia
386 2516 420 2575 L.
440 2512 612 2574 Postumius
631 2509 740 2572 consul
760 2530 820 2593 pro
840 2512 999 2571 concione
1020 2510 1085 2573 edi-

75 2597 186 2683 ’κεναῖς
207 2602 264 2687 qui
283 2600 404 2663 sociiam
421 2594 529 2661 Latini
549 2599 693 2659 nominis
715 2618 756 2655 ex
779 2596 883 2657 edicto
904 2598 938 2657 C.
961 2598 1086 2659 Claudii

26 2695 30 2718 ¹
74 2690 217 2776 eotlsulis
236 2687 345 2751 redire
365 2690 404 2749 iit
425 2687 567 2763 civitates
580 2684 649 2745 suas
672 2682 870 2760 debuissent,
892 2704 937 2743 ne
952 2686 1021 2767 quis
1034 2690 1087 2743 eo·¹

73 2795 162 2839 rmus
171 2778 315 2852 Romae,
336 2772 392 2835 sed
405 2776 518 2835 omnes
533 2774 572 2832 iu
584 2770 646 2831 suis
665 2770 841 2831 civitatibus
863 2768 1085 2840 censerentur)

26 2881 31 2936 ζ.
74 2864 220 2928 Consors
241 2878 273 2922 et
287 2882 305 2921 e
318 2862 483 2945 republica
505 2855 640 2919 certiora
658 2855 727 2917 suit.
773 2865 904 2937 ornnes,
942 2876 1020 2937 quos
1039 2854 1085 2915 se-

26 2942 37 3012 i
72 2966 155 3013 nutu
175 2964 367 3024 mouerunt,
395 2948 569 3029 quibusque
592 2964 689 3026 equos
708 2940 916 3014 ademerunt,
945 2941 1096 3011 aerarios,

26 3015 33 3078 i·
72 3034 244 3111 fecerunt,
265 3048 298 3093 et
314 3034 400 3094 tribu
419 3046 607 3093 moverunt:
626 3050 733 3112 neque
749 3030 788 3087 ab
812 3028 913 3093 altero
937 3041 1085 3085 notatum

44 3125 47 3132 ’
71 3112 327 3207 ulter-probavit.
359 3120 486 3181 Fulvius
500 3116 617 3177 aedem
629 3117 789 3175 Formnae
803 3108 974 3193 Equestris,
988 3132 1086 3193 quam

72 3206 247 3296 proconsul
263 3208 302 3268 in
323 3208 496 3291 Hispania,
518 3201 677 3263 dimicans
695 3220 770 3260 cum
793 3198 1028 3271 Celtiberorum
1041 3199 1084 3281 le·

75 3293 242 3379 sionibus,
263 3308 405 3367 voverat,
426 3309 531 3353 annos
544 3287 599 3348 sex
613 3286 698 3370 post,
720 3306 816 3368 quam
833 3301 972 3362 voverat,
996 3274 1103 3346 dedi-'

26 3383 30 3458 l
60 3378 174 3446 'muita
194 3396 228 3443 et
241 3380 385 3441 scenicos
405 3376 496 3439 ludos
508 3395 568 3461 per
584 3370 804 3455 quatriduum,
825 3389 928 3429 unum
947 3370 1035 3433 diem
1046 3373 1086 3433 in
1150 3402 1153 3407 ·

26 3474 34 3486 ''
74 3468 161 3531 citio
173 3466 261 3531 iecit.
295 3469 328 3527 L.
347 3465 516 3527 Cornelius
531 3460 702 3535 Lentulus,
725 3456 890 3519 decemuir
909 3454 1084 3535 sacrorum,

56 3553 116 3628 ‚ali
131 3564 227 3618 anno
245 3568 368 3613 mortus
393 3548 447 3610 est.
489 3548 648 3609 inlocum
663 3546 729 3629 ejus
751 3542 899 3605 suffectus
920 3542 960 3605 A.
984 3544 1084 3605 Postu·
1154 3596 1158 3607 .

67 3640 157 3705 mstis
177 3638 343 3709 Albinus.
380 3634 581 3699 Locustarum
603 3648 714 3693 tantae
726 3634 829 3693 nubes
849 3651 868 3690 a
888 3632 971 3690 mari
986 3638 1084 3690 vento

65 3744 213 3817 repente
226 3726 265 3789 in
272 3724 426 3809 Apulum
434 3722 542 3787 illatae
554 3716 641 3801 suna
657 3735 701 3803 ut.
709 3702 1105 3807 Quinimmo-apros

559 3808 625 3877 Kk
646 3831 669 3877 2
959 3812 965 3821 “
1047 3798 1129 3857 iau
