2354 4140
120 96 187 175 442
365 88 610 153 tenenat.
655 92 930 156 ctaxtxrx.
1010 82 1013 90 '

122 174 328 195 ψ

314 199 355 257 U.
380 200 414 257 C.
437 205 527 273 571..
733 220 760 257 a.
785 200 819 259 C.
843 198 886 260 N.
912 204 984 272 181.

939 284 1143 301 ὴ

122 321 181 404 giis
203 317 407 400 cladibusque
428 318 518 379 anxii
531 321 635 379 Patres
661 316 891 395 decreverunt,
924 335 960 379 ut
981 320 1144 381 tet-consu.

121 408 187 482 les,
219 405 332 487 quibus
352 403 426 465 Diis
447 402 629 481 rideretur,
663 403 772 465 hostiis
797 406 970 487 majoribus
991 405 1141 475 sacrifica·

121 508 216 567 rent,
247 507 278 550 et
293 490 468 551 decemviri
488 491 586 551 libros
600 489 736 553 adirent.
781 490 903 559 Eorum
917 492 1051 557 decreto
1070 490 1141 577 sup·

121 579 251 663 plicatio
266 578 350 637 circa
364 577 475 637 omnia
488 578 671 660 pulvinaria
686 578 808 638 Romae
820 578 857 638 in
871 576 957 639 diem
970 601 1075 641 unum
1089 581 1139 641 in·

122 665 206 725 dicta
220 662 273 723 est.
318 662 432 724 iisdem
454 665 631 724 auctoribus
645 681 676 723 et
697 664 823 725 senatus
838 662 978 743 censuit,
1011 682 1042 727 et
1064 688 1138 728 con·

121 752 202 811 sules
218 749 407 823 edixerunt,
435 765 471 809 ut
487 770 545 832 per
561 766 660 809 totam
682 752 805 811 ltaliam
819 750 963 814 triduum
983 752 1137 837 supplica-

121 839 165 899 tio
183 852 215 897 et
229 836 328 897 seriae
351 834 461 895 essent.
506 834 703 899 Pestilentiae
721 855 809 899 tanta
823 838 871 900 ris
886 855 971 916 erat,
989 856 1041 917 ut,
1064 862 1136 905 cum

119 940 253 1009 propter
272 921 489 985 defectionem
503 922 690 999 Corsorum,
715 926 897 1007 bellumque
913 928 952 987 ab
969 926 1138 994 Iliensibus

120 1012 315 1073 concitamm
335 1010 374 1071 in
403 1006 567 1085 Sardinia,
602 1026 672 1069 octo
694 1012 795 1077 millia
816 1010 961 1094 peditum
985 1036 1026 1075 ex
1044 1012 1138 1083 sociis

119 1098 227 1160 Latini
248 1097 393 1157 nominis
416 1094 511 1181 scribi
538 1094 718 1178 placuisset,
758 1113 790 1161 et
817 1113 975 1161 trecentos
1004 1102 1138 1185 equites,

120 1204 198 1268 quos
217 1186 262 1244 M.
277 1182 421 1243 Pinarius
437 1197 566 1264 praetor
580 1182 687 1243 secum
707 1185 745 1243 in
761 1183 942 1249 Sardiniam
963 1188 1136 1271 trajiceret,

121 1288 246 1331 rantum
258 1269 429 1329 hominmn
444 1268 646 1329 demortuum
662 1268 745 1346 esse,
758 1285 889 1333 tantum.
896 1273 1014 1355 ubique
1028 1295 1136 1357 aegro·

120 1379 194 1419 rum
211 1354 356 1415 consules
376 1356 662 1433 renuntiaverint,
683 1373 717 1417 ut
737 1358 763 1417 is
777 1378 933 1421 numerus
948 1358 1034 1421 eslici
1052 1360 1135 1423 mili·

119 1460 189 1505 tum
211 1463 281 1502 non
300 1442 447 1525 potuerit.
493 1443 579 1525 quud
598 1443 706 1503 decrat
720 1444 876 1521 militnm,
898 1445 1023 1507 sumere
1038 1470 1058 1507 a
1072 1450 1132 1511 Cn.

120 1531 239 1591 Baebio
254 1528 461 1611 proconsule,
489 1531 545 1611 qui
562 1530 633 1590 Pilis
650 1529 857 1608 hibernabat,
878 1531 975 1617 jussus
991 1552 1132 1617 praetor,

120 1633 214 1699 atque
228 1614 307 1676 inde
321 1617 359 1676 in
374 1615 554 1677 Sardiniam
566 1616 730 1699 trajicere'
759 1620 792 1677 L.
808 1618 960 1681 Duronio
980 1623 1132 1704 praetori,

119 1705 172 1765 cui
188 1701 490 1787 provincia‘Apulia
504 1719 674 1779 evenerat,
696 1702 817 1785 adjecta
830 1704 871 1767 de
878 1706 1131 1771 Bacchanalibus

118 1788 255 1875 quaestio
270 1786 330 1849 est:
349 1789 436 1872 cujus
450 1788 573 1849 residua
587 1789 743 1871 quaedam
756 1793 843 1853 velut
856 1791 979 1855 semina
992 1816 1034 1855 ex
1046 1794 1130 1878 prio·

117 1879 206 1940 ribus
223 1876 314 1937 malis
330 1875 394 1958 jam
409 1876 517 1956 priore
529 1898 618 1937 anno
635 1894 867 1959 apparuerant:
896 1878 1067 1965 sedmagis
1078 1882 1129 1943 in·

118 1966 249 2027 choatae
273 1960 359 2044 apud
386 1964 419 2021 L.
442 1963 576 2045 Pupium
598 1980 777 2045 praetorem
803 1965 1000 2047 quaestiones
1024 1968 1131 2045 erant,-

118 2074 214 2136 quam
234 2049 275 2110 ad
291 2050 411 2109 exitum
430 2048 531 2109 ullum
546 2048 727 2133 perductae.
770 2050 805 2111 id
826 2052 990 2135 persecare
1005 2076 1128 2117 norum

105 2156 313 2223 praetorem,
341 2156 386 2195 ne
409 2134 550 2217 serperet
571 2137 688 2197 iterum
708 2138 817 2214 latius,
841 2141 946 2201 Patres
960 2139 1126 2224 jusserunt.

114 2226 157 2286 Et
181 2227 266 2306 leges
293 2220 333 2281 de
354 2223 475 2282 ambitu
499 2222 647 2285 eonsules
668 2243 718 2285 cx·
730 2226 913 2289 auctoritate
932 2226 1061 2295 senatus
1084 2224 1127 2295 tul

114 2311 269 2395 populum
286 2309 438 2370 tulerunt.

192 2486 258 2549 XX.
291 2482 475 2567 Legationes
499 2480 618 2543 deinde
640 2483 678 2545 in
698 2481 842 2545 senatum
859 2482 1118 2549 introduxertmt.
1166 2524 1171 2533 ·

112 2574 239 2655 Regum
253 2571 389 2652 primas,
410 2569 584 2644 Eumenis,
612 2586 645 2632 ct
661 2567 838 2632 Ariarathis
855 2571 1069 2654 Cappadocis,
1088 2584 1118 2633 et

112 2657 285 2721 Pharnacis
312 2657 442 2715 Pontici.
486 2676 549 2716 nec
569 2657 653 2715 ultra
675 2657 847 2739 quidquam
869 2659 914 2733 eis
934 2658 1115 2741 responsum,

113 2743 172 2821 est,
202 2764 296 2825 quam
316 2741 479 2817 missuros,
510 2744 564 2825 qui
579 2742 620 2802 de
642 2742 862 2817 controversiis
878 2766 990 2805 eorum
1004 2756 1119 2829 eogntl-¹
1160 2760 1171 2817 t

109 2834 254 2906 scerent,
273 2827 516 2911 statueremque.
553 2828 879 2913 Lacedaemoniorum
895 2830 1015 2891 deinde
1031 2829 1115 2894 ardua
1159 2864 1171 2900 ‚5

109 2920 177 2979 lum
197 2934 229 2977 et
242 2914 443 2977 Achaeorum
466 2916 559 2997 legati
579 2915 754 2977 introducti
775 2914 857 2976 sunt.
903 2934 935 2983 et
955 2918 1024 3001 spes
1046 2917 1113 2979 datr
1162 2949 1171 2984 ,t

110 3004 268 3067 exsulibus
289 3000 349 3078 est,
378 3002 568 3084 scripturum
585 3001 730 3063 senatum'
744 3000 899 3082 Achaeis,
928 3022 964 3064 ut
977 3004 1111 3065 restitue·
1162 3034 1171 3063 ε

107 3110 231 3153 rentur.
275 3087 397 3150 Achaei
416 3086 456 3147 de
477 3088 619 3149 Messene
640 3106 782 3172 recepta,
813 3090 1051 3173 compositisque
1071 3086 1118 3167 ibi

105 3183 218 3251 rebus,
249 3198 323 3235 cum
337 3173 460 3235 assensu
474 3170 836 3259 Patrum'exposuerunt'.
880 3176 922 3238 Et
935 3199 954 3237 a
969 3174 1111 3261 Philippo¹

105 3286 180 3347 rege
193 3261 409 3324 Macedonum
422 3258 486 3320 duo
503 3262 597 3345 legati
611 3279 790 3336 venerunt,
808 3263 962 3325 Philocles
977 3280 1009 3323 et
1017 3262 1110 3345 Apel-

103 3351 168 3424 les,
186 3350 276 3407 nulla
288 3347 382 3430 super
397 3369 449 3423 re,
464 3368 544 3429 quae
559 3352 598 3408 ab
613 3347 723 3407 senatu
737 3347 878 3431 petenda
891 3348 986 3411 esset:
1008 3348 1112 3433 specu·

103 3426 203 3495 latum
218 3435 317 3515 magis
337 3434 582 3516 inquisitumque
597 3433 679 3494 milli
696 3434 736 3494 de
755 3436 812 3511 iis,
834 3456 970 3518 quorum
987 3434 1112 3497 Perseus

102 3520 306 3583 Demetrium
320 3518 525 3581 insimulasset
538 3520 740 3596 sermonum,
763 3544 835 3605 cum
853 3524 1029 3599 Romanis,
1049 3542 1112 3583 ma·
1133 3521 1141 3589 J
1167 3568 1171 3586 .

102 3610 190 3668 xime
209 3628 283 3665 cum
296 3607 336 3667 T.
355 3608 523 3684 Quinctio,
546 3607 694 3671 adversus
709 3606 840 3669 fratrem
855 3608 895 3669 de
911 3630 1014 3693 regno
1026 3609 1112 3671 hubi·¹
1156 3640 1169 3649 -

100 3712 217 3763 torum,
262 3692 348 3768 Hos,
368 3708 523 3775 tanquam
537 3695 677 3773 medios,
699 3712 763 3759 nee
775 3696 814 3755 itt
826 3696 956 3761 alterius
967 3696 1111 3763 favorem

999 3780 1113 3845 ‘incli
1146 3840 1149 3860 ,
