2354 4140
84 134 169 225 Q
293 120 447 183 moun
469 78 582 181 xcut.
628 122 714 182 cn.
736 122 793 185 vt.
818 120 889 183 vn.

701 198 1107 219 —n--fflm

637 248 664 286 a.
683 230 717 287 C.
733 226 775 286 N.
797 244 868 303 179.

79 350 145 413 ¹mo
164 350 325 424 inaximo,
356 344 510 421 attulisse,
532 362 564 405 et
580 346 665 405 scuta
690 345 847 427 equestria
867 359 1037 418 trecenta3
1058 364 1104 419 ea,

89 440 143 500 eui
162 434 337 521 jussissent,
370 430 553 493 tradituros.
596 432 732 493 Donum
759 451 793 493 ut
814 434 852 494 in
872 430 1033 514 Capitolio
1052 451 1106 512 po·

89 546 190 599 nere,
214 538 247 581 et
261 519 439 581 sacrificare
454 518 584 594 liceret,
605 524 770 602 petebant.
800 522 868 580 Hoc
883 516 1104 600 Lampsaceni,

89 612 251 693 octoginta
263 605 375 691 pondo
390 628 545 667 eoronam
560 604 751 683 asserentes,
772 610 944 690 petebant,
968 622 1103 665 comme-

90 712 273 769 morantes,
297 691 462 775 De'scesfiffe
477 691 511 775 se
534 690 693 775 ePerseo,
714 692 862 776 postquem
880 691 1036 754 Romanus
1057 710 1103 751 ee·

91 787 205 846 erastus
233 784 265 841 ie
289 777 492 841 Macedoniam
522 777 661 858 ueniffee,
693 800 756 841 cum
779 778 836 861 sus>
862 778 977 839 ditione
1007 775 1122 923 Perluet'-

90 890 120 933 ee
140 886 209 931 attee
232 862 372 947 Philippi
388 864 526 947 fuiffent.
572 863 635 927 Pro
651 887 702 942 eo,
725 884 754 927 et
771 866 852 949 quoti
873 867 1053 947 imperatori

92 957 230 1018 Romanis
252 955 350 1015 omnia
377 950 606 1039 praestitiffent,
634 953 667 1014 id
679 952 713 1035 se
737 970 851 1013 tantem
872 970 980 1027 orere,
1012 968 1048 1011 et
1073 952 1105 1011 ie

90 1044 245 1105 amcitiam
268 1039 375 1121 popuii
405 1038 530 1101 Romani
562 1042 790 1122 reciperentur:
829 1035 876 1114 ee,
902 1035 930 1112 fi
956 1057 1020 1118 pax
1041 1052 1105 1097 eeu

92 1128 196 1213 Perseo
216 1121 326 1204 fieret,
351 1130 581 1208 exciperentur,
605 1146 640 1186 ee
658 1131 690 1187 in
706 1132 816 1211 regiam
836 1123 1009 1207 potestatem
1029 1126 1105 1183 reti·

89 1232 251 1296 pereetue.
296 1214 418 1275 Ceteris
437 1213 547 1294 legatis
566 1214 701 1273 comiter
720 1212 926 1297 responsum
954 1207 1104 1293 Lampso-

90 1321 187 1373 cenos
204 1302 243 1361 in
259 1300 418 1360 sociorum
433 1297 607 1358 formulam
621 1298 745 1360 referre
760 1302 799 1379 Q.
809 1299 955 1359 Maenius
969 1310 1104 1379 praetor

89 1388 196 1471 jussus.
223 1407 362 1447 munera
375 1386 524 1445 omnibus
538 1386 576 1446 in
589 1386 724 1469 singulos
738 1386 853 1447 binim
866 1386 1006 1445 millium
1020 1382 1102 1445 aeris

89 1474 172 1535 data.
197 1462 441 1533 Alabandenses
456 1470 542 1531 scuta
557 1490 723 1555 reportare
737 1472 779 1532 ad
792 1471 831 1532 A.
842 1472 1012 1533 Hostilium
1025 1490 1103 1531 cott-

88 1552 189 1621 suiem
211 1562 250 1620 in
270 1558 495 1620 Macedoniam
517 1558 596 1640 jusfi.
640 1561 683 1621 Et
704 1583 744 1619 ex
764 1558 876 1620 Africa
892 1558 988 1641 legati
1009 1554 1102 1617 simui

89 1644 417 1728 Carthaginiensium,
439 1646 537 1707 tritici
554 1645 659 1708 decies
674 1662 804 1707 centum
820 1646 922 1707 millia
936 1661 968 1705 et
983 1642 1102 1705 hordei

88 1735 268 1817 quingenta
281 1730 465 1794 indicantes
480 1731 511 1793 se
527 1732 570 1792 ad
579 1756 669 1794 enare
685 1733 959 1808 deuecta-habere,
974 1746 1020 1807 ut,
1038 1750 1099 1813 quo

87 1820 214 1881 senatus
239 1819 425 1896 censuisset,
442 1818 672 1902 ,deportarent
731 1818 769 1881 sd
789 1838 894 1881 ututur
911 1814 1098 1900 officiumque

80 1906 169 1989 seam
184 1906 265 1991 scire
284 1911 379 1968 atinus
400 1904 471 1987 effe,
507 1924 593 1986 quam
621 1929 680 1988 pro
704 1910 817 1968 meritis
838 1906 945 1989 populi
970 1902 1100 1965 Romani

66 2014 116 2067 ,et
132 1992 283 2055 voluntate
291 1992 364 2076 sea:
376 1990 432 2076 sees
447 1992 540 2075 saepe
560 1992 648 2070 asiae,
673 1992 754 2055 bonis
777 1998 808 2054 in
831 1992 916 2054 restes
936 1994 1098 2073 utriusque

9 2101 13 2111 ·
86 2079 209 2166 populi,
232 2078 441 2165 segreeorum
452 2074 643 2161 fideliumque
654 2079 766 2162 sociem
785 2078 952 2141 muneribus
969 2076 1097 2158 flectet

86 2166 148 2249 effe
200 2169 284 2227 Item
305 2164 487 2228 Masinissae
506 2165 614 2249 legati,
651 2169 748 2229 tritici
770 2167 910 2228 eandem
938 2166 1095 2227 summam

84 2253 235 2339 polliciti,
271 2270 302 2314 et
323 2253 412 2313 mille
435 2270 466 2313 et
490 2250 644 2315 ducentos
667 2256 805 2336 equites,
841 2253 1013 2315 duodecim
1035 2254 1097 2313 ele-

84 2342 241 2425 phantos:
260 2356 301 2418 et,
323 2338 346 2399 si
360 2338 437 2422 quid
453 2338 540 2402 aliud
555 2364 632 2425 opus
649 2342 735 2416 esset,
756 2343 803 2403 uti
816 2343 993 2425 imperaret
1006 2339 1099 2401 sena-

84 2443 150 2487 tus:
173 2448 273 2507 aeque
294 2425 456 2509 propenso
477 2428 605 2503 animo,
626 2451 665 2489 ae
683 2449 763 2511 quae
782 2429 848 2513 ipse
865 2431 949 2489 ultro
970 2426 1098 2509 polliei-

85 2531 134 2575 tus
148 2512 201 2587 stt,
223 2512 455 2594 praestaturum
471 2514 544 2574 esse.
587 2517 718 2577 Gratiae
734 2534 765 2576 et
778 2513 1098 2600 Carthaginiensibus

84 2616 118 2660 et
133 2600 203 2680 regi
219 2615 325 2673 actae3
345 2600 529 2681 rogatique,
549 2618 584 2660 ut
603 2624 656 2678 ea,
680 2624 760 2685 quae
780 2604 1032 2686 poilicerentur,
1053 2600 1097 2663 ad

85 2685 254 2767 Hostilium
269 2683 430 2744 consulem
445 2686 483 2744 in
498 2688 725 2750 Macedoniam
741 2690 960 2774 deportarent.
996 2692 1096 2776 Lega3

83 2772 122 2832 tis
137 2773 175 2830 in
190 2770 325 2853 singulos
341 2772 456 2832 binitm
472 2774 610 2835 millium
624 2778 705 2838 aeris
721 2798 859 2839 munera
872 2778 983 2841 'missa

166 2945 237 3004 vn.
282 2944 480 3005 Cretensium
511 2947 637 3029 legatis,
671 2954 1016 3032 commemorantibus,
1046 2954 1092 3035 se,

81 3048 237 3112 quantum
258 3029 316 3091 fibi
336 3034 528 3117 imperatum
544 3054 563 3092 a
575 3037 604 3093 P.
621 3026 747 3098 Licinio
762 3039 892 3099 consule
907 3040 986 3102 esset
998 3042 1091 3127 sagit-

79 3117 251 3194 tariorum,
271 3119 309 3178 in
325 3118 550 3181 Macedoniam
567 3120 700 3202 misisse,
723 3146 797 3184 eum
813 3126 1003 3210 interrogati
1017 3152 1090 3195 non

79 3202 314 3280 infitiarentur,
347 3204 429 3289 apud
456 3204 561 3287 Persea
585 3209 723 3289 eteajorem
743 3229 895 3273 numerum
907 3213 1088 3301 sagittario-

80 3306 166 3362 rum,
188 3310 275 3369 quam
294 3290 377 3370 eputs
398 3282 559 3365 Romanis,
581 3295 727 3368 misirere,
751 3298 940 3383 responsum
962 3302 1025 3365 est:
1054 3302 1089 3366 Si

82 3370 235 3454 Cretenses
249 3383 317 3435 bene
332 3398 365 3437 ac
379 3383 517 3461 gnaviter
537 3378 716 3457 &sisterent
735 3390 884 3466 petierent
904 3388 1011 3471 pepuli
1027 3388 1087 3453 Ro·

78 3462 171 3535 mani,
191 3479 278 3542 quaet
300 3460 393 3547 Regis
413 3463 530 3547 Persei,
552 3469 705 3533 amicitiem
726 3466 850 3543 scabere,
865 3472 1000 3555 senatum
1015 3496 1086 3559 que·

78 3564 135 3626 que
158 3544 314 3608 Remorum
335 3550 390 3622 iis,
430 3567 566 3633 tanquam
586 3559 675 3615 cereis
696 3558 802 3641 sociis,
837 3560 1008 3644 responsum
1036 3564 1085 3629 da·

75 3649 180 3696 turem
211 3631 274 3721 effe.
335 3628 452 3693 Interea
491 3644 663 3701 coenarent
682 3638 769 3727 seis,
810 3646 925 3729 placere
954 3651 1084 3732 senatus,

67 3717 144 3782 dare
164 3738 291 3809 operere
314 3716 493 3808 Cretenses,
528 3744 589 3808 ue,
615 3744 687 3811 qttos
704 3730 809 3795 nissen
828 3738 914 3795 soree
935 3736 1085 3816 praesidia
1119 3813 1122 3819 .

112 3846 116 3853 .
1017 3840 1097 3901 ΠΨ
