2354 4140
100 154 102 159 .
188 104 529 193 ttuuuxuxvm.
570 107 819 173 cnsxavut.
846 108 942 170 xum
1002 107 1071 185 357
1143 114 1146 119 ·

212 199 223 208 '
313 216 351 287 o,
372 214 408 273 o.
427 210 500 276 505.
906 194 1074 307 :-

36 320 140 413 'te'pti
162 330 230 390 belli
250 352 415 417 purgatum
438 329 476 407 esi
498 336 627 406 crimen,
656 330 728 416 gosli
750 330 899 393 reddenda
920 330 958 411 esi
980 338 1069 393 tati..

56 421 166 498 inquo
190 414 365 497 confiderem
387 418 520 500 equidem
541 420 636 501 sacfflse
657 438 748 491 nseot,
780 415 888 490 etiarnsi
910 416 966 479 non
986 416 1071 500 oqsud

41 500 242 584 Romanum,
271 504 328 589 sed
355 504 440 588 apud
471 501 738 589 Carthaginiensem
763 502 898 586 sesamum
931 526 1070 588 agereret,-

58 589 112 651 ubi
145 592 176 649 iu
209 610 322 652 crucem
355 592 420 652 tolli
446 596 641 674 imperatores
667 589 830 660 dicuntur,
869 590 898 664 fi
926 593 1069 675 prospera

60 693 182 749 cueeteu,
204 697 296 757 qtraoo
318 676 434 751 consilio
456 700 517 737 rem
537 676 692 761 gastrum.
741 676 798 737 Sed
818 698 870 760 ego
893 680 977 737 inea
1001 683 1070 737 ciui·

14 810 17 815 .
59 760 140 841 t'att,
162 781 235 841 quae
251 762 317 826 ideo
334 765 466 825 ootssibus
482 762 570 825 rebus
586 764 765 845 incipiendis
781 761 976 849 gerendisque
986 762 1070 823 Deos

60 846 196 917 aelbibet,
226 853 298 929 quiu
318 848 427 910 nullius
448 846 602 911 calumniae
617 850 741 932 subjicit
757 872 806 924 ca,
833 868 905 931 quae
926 848 984 907 Dii
997 870 1071 911 com·

58 933 345 1019 probaverunmt
367 940 398 995 in
413 935 595 1018 sollemnibus
618 938 717 997 verbis
739 934 840 1010 ltabes,
872 957 934 996 cum
949 932 1069 1018 suppli·

59 1026 197 1083 tationem
217 1041 270 1083 eut
292 1019 476 1105 triumplaum
498 1021 650 1097 decernit,
698 1024 791 1101 Quod
812 1028 894 1085 bene
916 1046 952 1082 ae
971 1022 1071 1083 solici-

59 1122 109 1173 tet
126 1110 358 1191 rempublicam
372 1108 621 1184 administratus
655 1106 682 1181 fi
706 1110 829 1187 nollem,
855 1108 882 1182 fi
904 1130 1014 1193 grove,
1037 1128 1070 1169 uc

52 1195 217 1280 superbum
239 1194 431 1274 exististsorem
454 1201 569 1257 uirtute
590 1196 721 1280 gloriari
728 1219 739 1265 ,·
769 1217 827 1279 qoro
842 1196 991 1277 solisitcse
1011 1214 1071 1255 ntea

59 1284 264 1364 exercitusque
284 1287 356 1357 otei,
388 1283 470 1365 quod
490 1302 603 1343 torosam
622 1286 765 1343 nationem
782 1284 845 1357 sine
868 1282 927 1344 ullu
946 1280 1071 1341 militurn

52 1369 178 1451 jactatra
200 1370 376 1447 devicimus,
410 1368 603 1453 postularem,
639 1388 675 1429 ut
699 1369 770 1429 Diis
792 1368 1000 1430 imsssortalibus
1021 1365 1071 1428 ito·
1094 1392 1099 1399 ·

60 1475 118 1531 nos¹
135 1451 314 1531 baberetur,
350 1456 459 1538 etipse
481 1452 666 1535 triumphans
689 1459 720 1516 in
740 1455 920 1539 Capitolium
941 1454 1070 1537 ascende-

60 1562 140 1615 rem,
170 1542 266 1617 unde,
296 1547 375 1605 ootis
395 1549 454 1603 rite
475 1546 668 1620 nuncupetis,
697 1542 852 1622 profectus
864 1542 941 1625 sunt.
986 1561 1077 1626 sceqer·¹

59 1632 135 1690 tetis
157 1624 210 1689 ltoc
227 1625 299 1690 milti
320 1648 383 1689 tutte
408 1628 483 1687 Diis
512 1624 749 1688 immortalibus?
1061 1616 1069 1639 ¹

147 1801 254 1861 XLIX.
299 1798 403 1880 Iniqua
427 1802 501 1858 enirn
522 1798 584 1859 loco
599 1798 745 1859 dimicavi·
793 1798 854 1860 Dic
868 1801 986 1883 igitur,
1010 1820 1068 1879 quo

60 1889 202 1966 aequiore
231 1888 376 1965 potuerim
399 1883 559 1945 dimicare?
613 1884 687 1944 Cum
713 1903 836 1944 montem
865 1882 954 1961 t'tosles
980 1886 1069 1967 cepis-

53 1972 139 2053 sent,
168 1970 229 2030 loco
257 1969 420 2052 muniisse
453 1988 601 2042 tenerent,
636 1990 735 2050 nempe
764 1969 890 2030 eundum
917 1968 955 2029 od
978 1969 1070 2057 lessies

61 2077 138 2134 erat,
151 2053 179 2129 fi
197 2060 315 2117 vincere
335 2055 443 2117 velent.
489 2055 597 2135 Quid?
615 2053 641 2127 fi
664 2058 766 2117 urbem
789 2078 821 2116 eo
841 2056 903 2115 loco
919 2054 1069 2130 baberent,

61 2162 91 2205 et
113 2142 259 2203 moenibus
267 2142 300 2225 se
318 2144 477 2215 tenerent?
498 2162 599 2223 nempe
615 2142 808 2227 oppugnandi
823 2159 918 2203 erant.
962 2141 1069 2219 Quid?

59 2226 329 2313 ad'Tloermoqoqlus
357 2222 485 2310 utqttotie
510 2227 571 2288 loco
603 2228 659 2289 Μ’.
683 2229 795 2289 Acilius
826 2249 888 2287 oum
915 2248 984 2311 rege
1006 2227 1070 2285 An-

28 2338 33 2343 ·
59 2312 156 2377 tioclto
180 2315 348 2399 pugnauit?
392 2313 502 2391 Quid?
547 2310 723 2399 Pltiliqspum
739 2337 796 2375 nost
813 2318 908 2376 eodem
923 2312 1069 2394 anodosu·
1092 2350 1095 2357 ·

58 2414 116 2483 pet
144 2404 239 2462 Aoum
265 2422 373 2460 atuuem
393 2403 471 2486 juga
503 2419 644 2462 tenentem
671 2407 810 2463 orontium
842 2398 876 2462 T.
909 2400 1070 2477 Quinctius

59 2487 197 2572 dejecit?
244 2485 389 2568 Equidem
418 2484 533 2564 adbuc,
561 2488 671 2569 qualem
696 2507 748 2549 eut
769 2490 829 2563 fibi
853 2485 987 2570 fingant,
1016 2504 1068 2547 aut

59 2573 140 2651 uobis
156 2574 254 2635 uideri
270 2572 362 2633 oelittt
377 2569 480 2649 bostem
494 2574 609 2655 fuist,
636 2596 694 2635 nou
715 2579 842 2637 iesoenio.
890 2576 922 2632 Si
947 2574 1066 2659 degene-

60 2681 122 2723 reot
146 2680 175 2721 et
195 2660 350 2720 emolitum
372 2665 540 2721 amoenitate
561 2660 664 2738 Astus,
699 2666 774 2742 quid
793 2662 924 2744 qsers'euli
945 2662 991 2720 uel
1008 2663 1066 2719 ini·

10 2784 13 2789 -
58 2766 116 2827 quo
137 2745 198 2809 loco
214 2744 404 2829 subeuntibus
420 2746 517 2825 sicit?
554 2746 581 2819 si
597 2748 755 2811 timeto-dum
777 2748 943 2825 ecferitate
959 2752 1068 2807 attineo·

59 2850 153 2911 rqastts.x
175 2851 204 2893 et
225 2833 331 2907 robore
347 2853 526 2915 corporum,
556 2831 659 2896 ltuicne
680 2854 775 2899 tentat
789 2840 936 2895 uictoriae
950 2840 1066 2909 ,trison-

50 2914 152 2999 ,pltuttt
171 2920 306 3004 negotiis?
354 2916 446 2979 Cotta
468 2918 582 2980 invidie
605 2920 659 2995 est,
689 2921 794 2983 Patres
814 2920 988 3002 conscripti,
1017 2935 1068 2977 nec

17 3038 23 3049 =
57 3006 217 3087 quidquam
244 3004 324 3082 aliud
344 3006 422 3090 scit,
458 3026 541 3087 quom
562 3004 726 3066 detrectare
755 3012 903 3079 virtutes,
936 3024 1067 3063 corrum-

54 3110 132 3171 pere
153 3087 277 3153 bonores
297 3114 330 3153 oc
348 3097 479 3173 praemio
501 3112 606 3153 earum.
658 3090 745 3168 mibi,
772 3091 891 3172 quaeso,
919 3094 961 3151 ito
983 3094 1067 3173 igno·

49 3178 161 3259 scotis,
193 3177 298 3238 Patres
322 3179 498 3260 conscripti,
526 3175 553 3248 fi
574 3178 737 3263 longiorem
758 3180 917 3237 orationem
938 3198 995 3237 nou
1019 3194 1068 3235 cu·

13 3276 16 3281 '
56 3264 175 3345 piditas
196 3262 346 3347 gloriandi
369 3265 403 3337 de
432 3286 492 3339 me,
519 3262 585 3345 sed,
604 3264 759 3346 neeeffitrio
788 3266 943 3323 criminum
966 3264 1066 3344 defen·

50 3344 98 3425 ‚fic
119 3350 209 3431 fecit.
264 3354 312 3410 An
339 3356 423 3411 etiam
450 3370 507 3433 per
534 3346 687 3411 Tlersciom
709 3346 805 3431 stultus
829 3370 978 3431 quatemus,
1015 3352 1068 3431 qui

32 3496 39 3515 .,
55 3432 172 3521 augusti
195 3442 296 3511 eratis,
332 3455 362 3497 ec
381 3435 470 3515 plana
492 3457 529 3495 est
548 3438 671 3510 arduis,
706 3456 734 3495 et
763 3434 842 3497 culta
872 3459 910 3497 ex
923 3434 1066 3513 filnestri·

39 3514 231 3605 'buc'sacere
252 3527 356 3607 patui,
388 3540 417 3580 et
437 3522 599 3601 praestare,
640 3523 740 3581 caecubi
767 3527 845 3583 notis
860 3520 915 3595 fibi
944 3523 1068 3584 latebris

21 3616 24 3621 '
50 3606 260 3693 jdilitefiareut
281 3609 410 3670 latrones
440 3605 583 3684 Thraces,
618 3629 652 3666 tte
682 3610 756 3689 quid
779 3609 960 3688 sarcinarum
982 3628 1079 3689 raqoe·¹

10 3700 13 3705 '
37 3696 165 3779 'eptem
191 3716 227 3757 ae
244 3692 330 3783 ¹qs'qatl,
341 3697 509 3779 sementum
532 3716 571 3759 ιιι
591 3711 673 3769 tento
697 3698 810 3782 agmine
831 3693 1067 3779 absumeretur,

109 3810 116 3829 s
375 3788 379 3799 ·
461 3796 466 3803 ·
938 3790 944 3799 “
1032 3798 1067 3838 nt
1100 3784 1103 3789 “

66 3832 100 3867 ·“.ῗ.
111 3840 143 3865 u':
227 3827 231 3833 '
