2354 4140
279 154 436 217 tmen
457 124 633 216 xxxam.
676 156 763 217 c...
784 112 903 220 1'v'..v.
1017 130 1084 231 '323

304 262 346 321 U.
362 261 397 320 C.
411 261 488 335 563.
619 282 646 319 a.
665 260 700 321 C.
717 261 758 321 N.
784 268 854 345 189.

49 380 283 464 .1ubjectae[t‚
308 379 518 443 Perranthem
532 381 658 441 incolae
674 394 803 441 vocant.
825 376 916 459 urbs,
939 406 1000 465 qua
1015 408 1082 445 mu-

65 490 125 531 rus
142 468 242 550 vergit
256 469 294 531 in
309 486 439 549 campos
454 482 486 527 et
499 465 636 542 firman,
659 465 880 550 occidentemg
902 491 976 545 arx,
995 492 1081 553 quaa

64 554 215 639 imposita
237 552 281 614 el't
301 548 439 628 tumulo,
467 553 628 615 orientem
648 552 776 636 spectet.
821 556 925 616 amnis
946 554 1080 633 Aretho,

50 662 112 713 ,ex
129 640 324 704 Athamania
345 640 466 717 fluens,
488 636 573 701 cadit
585 638 624 702 in
641 636 745 701 finum
757 642 872 719 maris,
894 642 933 701 ab
945 646 1082 706 nonnae

66 729 271 823 propinquae
286 728 373 788 urbia
387 722 596 789 Ambracium
610 722 815 810 appellatum.
858 744 1080 813 praeterquam

91 814 156 877 uod
183 815 263 877 binc
282 814 389 875 amnis
410 814 534 889 munit,
556 812 651 879 ,hinc
672 815 803 891 tumuli,
837 836 932 875 muro
954 836 1080 899 quoque

66 839 163 964 Arme
183 900 272 987 septa
294 898 380 977 erat,
401 914 536 983 patente
548 898 586 959 in
601 900 735 962 circmtu
749 902 844 984 paulo
862 902 996 985 amplius
1018 903 1081 963 tria

50 989 171 1051 -millia
191 980 345 1073 palidum.
390 986 517 1048 Fulvius
538 988 618 1046 bina
639 1007 658 1045 a
678 992 790 1071 catnpo
813 987 929 1065 eastra,
951 987 1081 1049 modico

66 1077 157 1141 inter
167 1070 200 1137 ie
218 1070 366 1141 distantia
386 1073 573 1148 intervallo,
596 1093 700 1133 unum
718 1073 880 1135 castellum
900 1076 971 1135 loco
993 1074 1080 1137 edito

51 1154 183 1247 Jcontra
198 1182 304 1222 arcem
319 1161 442 1245 objecit.
466 1180 505 1220 ea
518 1160 628 1221 omnia
644 1162 727 1221 vallo
743 1182 780 1223 ac
794 1160 875 1233 folla
888 1163 931 1222 ite
948 1164 1082 1245 'ungero

64 1265 177 1335 parat,
199 1268 245 1308 ne
266 1248 366 1309 exitus
381 1246 508 1329 inclusis
522 1248 562 1307 ab
583 1249 679 1325 urbe,
707 1268 792 1311 neve
813 1248 914 1311 aditus
935 1186 1013 1329 ioris
1036 1246 1080 1311 ad

64 1336 187 1407 auxilia
207 1334 452 1395 intromittenda
473 1327 559 1394 esset.
603 1331 657 1395 Ad
681 1328 801 1395 fatuam
829 1337 1080 1420 oppugnationis
1145 1354 1148 1369 ¹

66 1420 257 1483 Ambraciae
274 1423 411 1484 Stratum
425 1422 490 1503 iam
504 1418 608 1481 edicto
622 1421 782 1483 Nicandri
794 1424 949 1506 praetoris
962 1442 1079 1484 conva-

65 1525 189 1571 nerant
214 1508 330 1570 Aetoli.
386 1506 470 1568 Inde
488 1509 595 1591 primo
618 1508 717 1590 copiis
738 1511 888 1571 omnibus
908 1507 950 1569 ad
970 1508 1080 1594 prohi-

66 1594 210 1657 bendam
223 1595 423 1657 obfidionem
430 1595 543 1655 venire
554 1594 591 1653 in
601 1595 710 1679 animo
722 1592 835 1657 fuerat.
852 1594 982 1675 deinde,
997 1594 1080 1679 poit-

65 1704 165 1765 quam
178 1685 292 1743 urbem
304 1682 368 1764 jam
381 1688 555 1763 magnaeus
573 1696 664 1761 parte
681 1683 831 1762 operibus
853 1681 971 1764 septam
991 1681 1079 1745 vide·

64 1786 167 1844 runt,
195 1767 400 1849 Epirotarum
422 1780 512 1825 trans
527 1764 649 1825 flumen
668 1766 739 1827 loco
753 1770 852 1848 plano
867 1766 966 1837 castra
980 1768 1081 1850 polita

65 1853 150 1928 eise,
172 1851 316 1921 dividere
336 1853 442 1934 copias
465 1851 592 1933 placuit.
630 1870 704 1929 cum
723 1854 812 1912 mille
840 1851 995 1935 expeditis
1015 1852 1080 1915 Eu·

62 1941 213 2023 polemus
234 1935 439 1997 Ambraciam
459 1933 650 2021 profectae„
668 1958 728 2019 per
746 1938 897 1999 nondum
916 1936 1081 1999 commista

61 2028 157 2089 inter
169 2024 201 2085 se
218 2024 421 2087 munimenta
439 2025 552 2083 urbem
567 2022 708 2085 intravit.
752 2023 921 2086 Nicandro
943 2044 1016 2082 cum
1029 2042 1081 2085 ce·
1155 2086 1159 2091 ,

50 2100 137 2177 ,iera
151 2132 251 2191 manu
267 2111 372 2195 primo
388 2110 595 2194 Epirotarum
619 2106 717 2187 eastra
738 2128 835 2173 nocte
858 2107 985 2195 aggredi
995 2128 1081 2171 con-

65 2198 171 2261 filium
190 2197 309 2273 iuerat,
332 2196 420 2258 haud
439 2192 527 2257 facili
543 2198 584 2257 ab
603 2197 761 2261 Romanis
777 2199 911 2273 auxilio,
933 2197 1006 2278 quia
1024 2196 1082 2257 flu·

66 2308 148 2348 men
168 2286 332 2347 intererat.
384 2281 520 2359 deinde,
552 2283 765 2366 periculosum
788 2287 955 2369 inceptum
982 2299 1081 2363 ratus,
1134 2324 1137 2329 -

66 2394 114 2437 ne
129 2393 190 2454 qua
203 2371 361 2435 sentirent
368 2364 519 2445 Romani,
536 2386 567 2431 at
577 2368 732 2452 regressus
745 2370 827 2449 inde
840 2374 878 2435 in
891 2385 993 2433 tutum
1006 2388 1081 2431 non

64 2458 156 2534 esset,
173 2457 342 2531 deterritus
357 2460 398 2539 ab
413 2456 476 2519 hoc
496 2456 638 2533 consilio,
652 2454 694 2521 ad
705 2454 967 2546 depopulandam
981 2454 1080 2523 Acar·

63 2566 204 2610 millam
217 2561 278 2609 lter
293 2560 463 2609 constrati

63 2756 74 2793 ·.
152 2722 193 2785 V.
217 2717 353 2795 Consul,
374 2718 441 2803 jam
454 2715 682 2795 munimentis,
702 2717 817 2800 quibua
832 2715 987 2805 sepienda
999 2721 1079 2784 urba

64 2821 153 2882 erat,
171 2806 234 2891 jam
251 2802 420 2889 operibus,
440 2814 521 2889 quae
533 2800 706 2865 admovere
725 2804 824 2866 muris
840 2810 988 2888 parabat,
1005 2829 1081 2890 per-

62 2892 173 2968 feces,
209 2893 351 2976 quinque
372 2888 463 2953 simul
486 2891 565 2951 locis
586 2890 717 2951 moenia
738 2890 786 2967 est
804 2892 970 2976 agfflelius.
1014 2895 1079 2955 tria

62 2978 196 3124 ppribus
209 2979 387 3127 inteipvallis
406 2976 552 3125 facilipp:
570 2975 658 3077 aditu
672 2999 692 3063 a
704 2998 819 3061 campo
840 2976 1078 3128 adversuffiyr·

51 3100 53 3105 .
605 3079 634 3122 t·
817 3076 820 3081 '
1064 3101 1078 3117 .

62 3087 84 3125 '
108 3081 284 3227 ‘dieii
297 3080 765 3219 .l33‡l.‘.’.‡..l”i.tllt
778 3085 1078 3234 {mind

132 3234 220 3301 ribus
235 3237 357 3305 falcatis
371 3238 555 3322 detergebat
569 3237 698 3325 pinnas.
722 3236 911 3321 Oppidanos
924 3239 1031 3323 primo
1046 3253 1080 3301 et

60 3324 107 3389 ad
124 3324 265 3409 speeiem
285 3341 319 3388 et
344 3324 386 3386 ad
408 3327 489 3390 ictus
509 3324 694 3406 moenium,
718 3344 792 3386 oum
814 3325 951 3389 terribili
970 3324 1080 3390 sonim

58 3400 185 3491 editos⁹
214 3432 316 3501 paror
335 3432 373 3475 ac
395 3408 565 3561 trepidatio
589 3411 682 3494 cepit.
720 3408 867 3491 deinde,
895 3428 931 3475 ut
948 3430 1098 3496 praeter.

58 3484 154 3583 [pem
174 3494 256 3563 stare
283 3492 439 3569 muros'vi
462 3511 576 3574 arunt,
598 3497 737 3559 collectis
757 3496 864 3561 rursus
882 3496 1016 3579 animis,
1038 3500 1079 3562 in

58 3586 178 3649 arietes
197 3586 419 3653 tollenonibus
435 3586 627 3647 libramenta
647 3585 772 3667 plumbi
792 3602 845 3646 aut
857 3584 1007 3648 saxorum
1025 3582 1078 3647 sti·

56 3674 186 3759 pitesae
205 3672 588 3757 rabi-abominantiebant;¹
608 3668 722 3748 falces,
745 3674 874 3735 ancoris
899 3672 1018 3759 ierteia
1028 3672 1086 3731 in-

58 3761 150 3847 jectis
165 3754 547 3847 iumtm‘mpmam
541 3758 643 3913 >im-²²⁹³
656 3752 831 3833 trabentes
837 3758 997 3841 anetem
1005 3772 1132 3905 a&

105 3898 109 3905 ,
274 3890 278 3897 .
538 3908 540 3912 ,
598 3869 617 3912 2
649 3862 656 3873 “
