2354 4140
76 224 328 309 ---.....U'
345 249 378 306 C·
396 252 469 317 555·
661 265 688 305 a.'
706 268 731 303 e.
749 248 789 305 N.
812 262 879 327 197.

485 327 684 343 m·

190 368 284 426 XXX.
306 366 453 449 Boiorum
468 366 624 425 exercitus
643 366 728 425 band
743 367 786 426 ita
800 370 898 427 multo
906 383 982 427 ante
998 366 1089 445 traje-

13 468 17 477 '
79 466 172 512 cerat
193 452 327 529 Padum,
357 454 566 535 iunxeratque
582 450 614 511 se
632 451 817 512 Insubribus
831 470 862 513 et
877 452 1088 513 Cenomanis:

13 592 18 601 .
63 537 171 619 oncri
192 539 236 601 ita
248 555 454 622 acceperant,
471 538 653 618 coniunctis
670 538 847 620 legionibus
864 538 1004 599 consules
1018 538 1088 597 rein

86 625 244 707 gesturos,
274 641 309 684 ut
336 642 368 685 et
394 620 451 707 ipti
478 626 604 685 coituras
630 626 666 685 in
688 646 789 683 unnm
807 626 890 685 tires
914 625 1086 685 firmarent.

86 710 252 793 Postquam
267 711 349 773 fama
363 710 487 786 accidit,
509 713 640 770 alterum
658 710 817 771 consulem
832 711 977 787 Boiorum
995 732 1087 771 urere

85 818 200 881 agroS,
229 798 340 859 seditio
365 799 522 880 extemplo
535 812 605 857 crta
617 798 670 856 est.
716 796 874 857 l'ostulare
891 797 975 877 Boji,
998 814 1031 855 ut
1045 800 1088 855 la-

84 884 276 947 borantibus
299 906 390 967 opem
410 883 544 945 univerii
559 882 692 945 ferrent.
738 882 887 943 Insubres
903 902 1036 963 negare,
1057 882 1089 941 ie

85 972 144 1031 sua
165 969 353 1033 deserturos.
399 972 446 1031 Ita
468 968 584 1030 divisae
606 970 731 1051 copiae,
759 969 906 1052 Boiisque
928 969 965 1028 in
982 962 1088 1049 assrum

87 1057 185 1121 fuum
213 1056 380 1118 tutandum
412 1055 579 1139 profectis,
623 1054 771 1116 insubres
801 1080 874 1116 cnm
895 1042 1089 1115 Cenomanis

88 1142 185 1227 [uper
199 1144 302 1226 amnis
315 1144 428 1206 Mincii
443 1143 544 1225 ripam
559 1140 771 1211 cuttiidcrunt.
793 1142 885 1207 Infra
899 1164 970 1218 euru
987 1141 1090 1199 locum

93 1231 232 1311 quinque
254 1230 352 1291 millia
374 1229 536 1313 passuum,
558 1246 588 1289 et
615 1228 720 1289 consui
739 1230 904 1291 Cornelius
918 1226 1023 1289 eidem
1038 1226 1090 1284 iln-

81 1314 177 1375 .mini
195 1314 292 1377 castra
313 1316 475 1401 applicuit.
519 1315 596 1375 indu
610 1316 769 1377 mittendo
783 1317 820 1375 in
835 1317 919 1377 uicus
934 1316 1089 1374 Cenoma·

97 1422 207 1465 norum
234 1404 455 1485 Brixiamque,
495 1401 579 1482 quod
608 1418 701 1485 capnt
722 1403 826 1483 gentis·
846 1418 930 1477 erat,
961 1416 995 1458 nt
1015 1398 1089 1457 satis·

92 1489 260 1572 comperit,
288 1511 359 1551 non
387 1510 427 1551 ex
448 1488 631 1551 auctoritate
657 1489 814 1551 *enirn-nm
833 1488 1029 1562 inventutem
1053 1485 1090 1544 in

69 1577 187 1651 ,armis
210 1574 291 1651 effe,
319 1597 382 1636 nec
404 1575 529 1659 publico
551 1572 681 1635 confilin
706 1577 886 1635 inbibrinm
913 1570 1089 1634 defectioni

88 1663 291 1722 Cenomanos
315 1661 345 1722 se
367 1660 561 1744 adjunxil'se3
584 1663 692 1723 excitis
715 1662 754 1722 ad
770 1662 800 1721 ie
817 1662 1033 1744 principibus,
1054 1654 1090 1716 id

38 1760 42 1767 '
88 1768 182 1829 agere
198 1769 234 1806 ac
247 1747 351 1805 moliri
365 1748 487 1829 coepit,
509 1764 543 1806 ut
556 1746 662 1807 desciit
674 1766 766 1809 cient
780 1752 820 1807 ab
836 1746 1018 1807 Insubribus
1035 1748 1089 1804 (ἔε-

89 1832 244 1903 numani,
266 1846 315 1904 et,
336 1829 431 1910 lignis
446 1832 592 1905 sublatis,
615 1849 667 1891 aut
682 1834 790 1893 «irmina
804 1832 965 1907 redirent,
980 1846 1034 1891 aut
1049 1828 1090 1889 ari

90 1917 258 1973 Romanos
280 1917 466 1974 transirent.
510 1915 552 1973 Et
572 1915 608 1973 id
629 1918 757 1995 quiriani
780 1918 939 1995 impetrari
957 1915 1089 1996 nequiit.

96 1999 136 2058 in
156 1997 192 2056 id
214 1996 287 2057 data
309 1997 386 2057 fides
407 1996 528 2061 consuli
549 1997 613 2073 est,
643 2018 676 2058 ut
690 2003 727 2059 in
740 2002 804 2059 acie
819 2015 870 2059 aut
885 2002 1092 2077 quiescerent,

95 2099 168 2158 aut,
199 2081 307 2165 siqua
327 2084 421 2143 etiarn
441 2083 555 2145 occafio
571 2083 693 2161 fuisset,
722 2086 907 2165 adjurarent
923 2087 1092 2147 ltomanos.

96 2173 184 2231 Haec
200 2171 245 2229 ita
259 2168 445 2231 convenisse
456 2169 603 2231 Insubres
620 2171 829 2252 ignorabant:
850 2168 974 2230 suberat
988 2185 1093 2229 tamen

95 2252 249 2341 quaedam
264 2255 396 2339 sulpicio
412 2256 537 2333 animis,
559 2259 667 2319 labare
680 2257 776 2319 fidem
789 2255 952 2337 sociorum.
973 2256 1093 2335 Itaque,
1136 2298 1139 2305 .

34 2411 39 2421 ¹
77 2366 166 2413 ,cum
182 2343 220 2403 in
234 2345 331 2403 aciem
347 2343 545 2419 eduxissent,
565 2362 717 2405 neutrum
731 2345 771 2406 iis
784 2364 885 2405 cornu
899 2342 1093 2403 committere

94 2428 174 2505 anfi,
200 2450 261 2504 ne,
283 2427 391 2490 fidolo
406 2429 577 2509 uenissent,
599 2454 666 2493 rem
683 2448 780 2493 totam
795 2430 1003 2504 inclinarent,
1025 2426 1094 2513 post

94 2515 182 2599 ligna
212 2516 250 2575 in
282 2515 423 2576 sublidiis
451 2538 504 2579 eos
532 2520 725 2581 locaverunt.
788 2517 904 2578 Consul
932 2515 1094 2599 principio
1162 2590 1165 2595 Ι

94 2622 221 2686 pugnae
249 2604 335 2664 vovit
356 2601 467 2663 aedem
484 2584 623 2688 Sospitae
645 2605 784 2682 Junoni,
813 2602 896 2665 fieo
916 2602 969 2664 die
989 2602 1092 2663 hostes

95 2686 153 2750 furi
168 2689 329 2769 fugatique
344 2687 456 2752 effent.
497 2688 692 2753 Amilitibus
707 2695 824 2753 clamor
838 2690 988 2763 subintus,
1011 2710 1092 2748 cour-

96 2791 203 2858 potem
227 2778 292 2837 voti
313 2774 474 2836 consulem
496 2776 528 2837 se
550 2777 704 2855 facturos,
729 2796 760 2839 et
779 2780 914 2860 impetus
937 2777 974 2835 in
989 2774 1092 2834 hostes

98 2860 144 2927 eit
166 2856 276 2921 factus.
318 2861 395 2921 Non
417 2866 557 2923 tulerunt
582 2864 730 2927 Insubres
742 2866 880 2948 primum
895 2860 1090 2923 coneursum.

99 2948 226 3028 qnidam
243 2966 273 3009 et
286 2972 303 3009 a
315 2950 519 3026 Cenomanis,
538 2967 624 3033 terga
638 2970 771 3034 repente
784 2953 823 3013 in
839 2949 906 3033 ipso
921 2946 1093 3008 certamine

96 3032 261 3115 aggrefiis,
288 3038 456 3095 tumultum
481 3037 653 3119 ancipitem
677 3038 830 3120 injectum
850 3051 992 3095 auctores
1007 3032 1093 3106 sunt,

100 3118 248 3201 caesaque
267 3122 303 3180 in
328 3120 430 3183 medio
449 3123 592 3204 quinque
616 3140 649 3186 et
670 3125 801 3207 triginta
823 3121 921 3181 millia
946 3118 1093 3193 hostium,

27 3232 31 3237 ·
101 3207 243 3289 quinque
262 3208 361 3277 millia
382 3224 413 3270 et
433 3208 650 3293 septingentos
669 3211 757 3272 virus
777 3224 900 3290 captos:
928 3207 965 3267 in
980 3204 1018 3266 iis
1034 3207 1095 3264 Ha·

100 3294 262 3353 milearem
282 3296 456 3356 Poenorum
476 3296 716 3379 imperatorem,
744 3297 799 3377 'qni
826 3292 897 3355 betti
919 3291 1008 3353 causa
1023 3286 1095 3351 fuis-

99 3376 160 3441 set:
178 3377 266 3460 signa
285 3380 432 3442 militaria
454 3402 583 3445 centum
606 3383 753 3464 triginta,
781 3396 813 3442 et
829 3396 982 3461 carpenta
998 3377 1096 3463 „supra

68 3538 73 3546 ²
99 3466 249 3529 ducenta.
293 3468 436 3549 Oppida,
459 3490 537 3548 qnae
559 3467 772 3531 defectionem
790 3468 894 3529 secuta
911 3480 1021 3536 erant,
1045 3460 1093 3519 de·

100 3553 255 3615 uiderunt
280 3552 313 3619 se
325 3555 489 3613 Romanis.

203 3642 313 3701 XXXI.
355 3640 517 3701 Minucius
531 3638 642 3700 consu]
656 3640 759 3724 primo
774 3627 1098 3717 effufispopubnioni·

100 3729 161 3790 bus
171 3740 392 3808 peragraverat
408 3724 662 3815 firrpsBojorum:
684 3724 832 3813 deinde,
851 3717 1128 3872 ntaebcnsxbn·

542 3842 546 3847 ·
1045 3806 1150 3870 'nbat
