2354 4140
99 108 165 202 31'3
206 196 211 203 ,
272 86 604 187 treun'rxrvu.
644 78 905 185 coenum.
959 124 980 163 ··-
1039 84 1041 89 ’

104 198 1121 231 ...m—mmm·-

75 269 78 279 .
305 232 345 291 U.
371 230 404 288 C.
425 230 499 300 563.
650 248 676 287 a.
694 228 727 287 C.
743 228 785 286 N.
808 235 878 308 189.
1084 232 1088 237 '

104 312 506 335 ..-............-....--...
916 304 1122 349 “““’““““““ἷ““

102 350 402 431 ducentos-triginta
417 368 538 422 unum3
557 367 668 407 aureas
684 366 819 407 coronas
835 346 991 407 ducentas
1007 346 1120 428 trigin-

50 472 56 479 ·
101 436 134 500 'ta
149 430 297 521 quatuor;
328 435 454 517 argenti
473 432 584 518 pondo
602 448 734 493 centum
756 435 887 517 triginta
908 430 1032 517 septem
1048 431 1120 501 mil-

102 528 148 587 lia
170 541 201 584 et
224 520 460 604 quadringenta
482 520 616 603 vigintl3
644 519 917 583 tetradrachmbm
939 518 1121 581 Atticorum

106 610 245 674 ducenta
259 608 374 691 viginti
388 624 522 691 quatuor
537 607 655 666 millia:
675 604 891 691 ¹cistophorum
904 621 1052 667 trecenta
1066 605 1127 666 tri··

104 701 194 783 ginta
207 716 318 761 ‘unum
339 696 440 755 millia
457 711 489 754 et
504 684 720 776 septuaginta3
750 716 902 755 nummos
924 713 1036 754 aureos
1051 691 1123 757 Phi.

105 788 227 869 lippeos
251 799 382 863 centum
397 780 607 863 quadraginta
630 783 753 858 millia}
785 781 933 843 vasorum
955 794 1123 862 argenteo·

105 892 180 933 rum
201 870 326 947 (omnia
347 870 464 929 caelata
484 867 592 943 erant)
605 868 694 929 mille
709 867 820 951 pondo
839 885 869 928 et
884 866 1124 950 quadringenta

21 1024 24 1030 .
75 960 220 1042 ·=viginti
233 973 385 1039 quatuor,
416 975 586 1014 aureorum
606 955 694 1015 mille
709 954 821 1037 pondo
842 955 956 1037 ‘viginti
975 970 1123 1035 quatuor.
1149 962 1154 977 “

107 1036 139 1117 e't
158 1044 253 1105 duces
274 1044 370 1125 regii,
398 1039 570 1124 praefecti,
601 1057 633 1100 et
655 1043 824 1125 purpurati
848 1040 912 1102 duo
936 1056 967 1101 et
989 1040 1126 1123 triginta

107 1150 184 1195 ante
210 1152 340 1211 currum
359 1127 454 1189 ducti.
495 1128 650 1188 Militibus
670 1130 764 1210 quini
780 1129 888 1191 viceni
901 1126 1030 1189 denarii
1046 1125 1123 1201 dati,

108 1219 228 1302 duplex
249 1216 451 1290 centurioni,
480 1212 599 1296 triplex
617 1215 723 1295 equiti.
768 1232 800 1277 et
821 1213 1125 1298 stipendiummili.

108 1323 176 1366 tare
192 1320 223 1363 et
236 1301 437 1362 frumentum
453 1299 573 1383 duplex
586 1300 655 1384 post
675 1303 875 1386 triumphum
889 1301 1008 1362 datum.
1030 1320 1124 1383 proe-

108 1394 152 1452 lio
174 1389 211 1450 in
234 1387 307 1451 Aba
328 1386 430 1464 facto,
458 1386 577 1468 duplex
592 1387 734 1450 dederat.
779 1389 1007 1473 Triumphauit
1031 1406 1124 1447 anno

109 1476 178 1538 sere
189 1475 273 1560 post,
297 1482 393 1557 quam
408 1473 572 1539 consulatu
587 1474 672 1536 abiit.
1021 1489 1023 1493 '

194 1648 257 1709 LX.
302 1647 429 1708 Eodem
441 1645 510 1709 fere
525 1663 671 1731 tempore
685 1663 716 1709 et
730 1650 789 1710 Cn.
804 1648 946 1709 Manlius
961 1644 1074 1708 consul
1087 1646 1127 1720 itt

108 1734 218 1798 Asiam
225 1779 234 1811 ‚
249 1751 280 1795 et
294 1737 333 1814 Q.
349 1736 462 1795 Fabius
476 1737 580 1797 Labeo
594 1732 724 1817 praetor
737 1732 779 1797 ad
792 1736 920 1797 classem
936 1733 1038 1795 venit.
1069 1732 1125 1807 Cep

110 1841 215 1883 terum
230 1820 353 1883 consuli
367 1843 439 1881 nun
454 1821 589 1883 dederat
602 1844 676 1881 cum
686 1822 787 1883 Gallis
804 1824 881 1883 belli
891 1824 1036 1882 materia.
1059 1838 1124 1878 ma·

60 1982 62 1987 ¹
110 1931 146 1969 re
161 1926 307 1993 pacatum
319 1923 403 1985 erat,
431 1906 554 1969 devicto
566 1906 738 1969 Antiocho.
783 1909 941 1991 Cogitanti
958 1912 997 1987 Q.
1014 1905 1125 1980 Fabio,

111 1998 164 2065 cui
178 1997 227 2057 rei
242 1994 436 2079 potissimum
449 1994 623 2070 insisteret,
650 2010 695 2055 ne
709 1994 842 2056 otiosam
856 1996 1061 2079 provinciam
1071 1992 1124 2065 ha·

113 2082 211 2143 buisse
224 2081 327 2145 'videri
346 2081 464 2166 posset,
493 2084 650 2164 optimum
665 2078 765 2152 visum
781 2081 843 2159 est,
872 2083 909 2146 in
926 2084 1056 2142 Cretam
1070 2080 1125 2141 tin.-

111 2162 212 2230 sulam
231 2171 385 2253 trajicere.
425 2168 628 2251 'Cydoniatae
646 2168 764 2228 bellum
781 2169 929 2231 adversus
945 2166 1128 2249 Gortynios

35 2320 38 2329 ,
112 2255 323 2339 Gnossrosque
337 2259 506 2338 gerebant,
536 2272 569 2315 et
581 2256 778 2338 captivorum
792 2259 1016 2319 Romanorum
1032 2252 1139 2337 atque¹

113 2344 216 2402 Italici
229 2342 356 2423 generis
371 2361 505 2424 magnus
521 2362 676 2402 numerus
698 2343 736 2403 in
758 2342 906 2406 servitute
920 2342 983 2403 esse
1006 2363 1068 2426 per
1081 2355 1126 2399 to·
1139 2358 1144 2371 ¹

114 2446 179 2488 tam
194 2428 331 2488 insulam
345 2427 517 2487 dicebatur.
545 2427 645 2487 Classe
660 2431 699 2487 ab
713 2430 840 2512 Epheso
855 2428 1034 2514 profectus,
1051 2418 1133 2488 crim'

112 2516 255 2600 primum
271 2517 382 2574 Cretae
402 2515 474 2573 litus
493 2514 609 2595 attigit,
632 2518 764 2578 nuntios
779 2520 864 2579 circa
877 2519 1017 2580 civitates
1032 2512 1125 2589 milit,

114 2618 151 2662 ut
164 2604 261 2663 armis
278 2598 470 2674 absisterent,
491 2602 692 2682 captivosque
707 2604 745 2664 in
759 2603 821 2667 suis
836 2624 977 2687 quaeque
992 2600 1127 2676 urbibus

113 2689 258 2770 agrisque
274 2684 466 2767 conquisitos
481 2685 692 2764 reducerent,
716 2685 753 2751 vet
773 2692 889 2777 legatos
901 2694 1071 2753 mitterent
1084 2680 1127 2749 ad
1147 2728 1155 2747 .

114 2774 165 2850 se,
192 2795 264 2835 cum
282 2772 393 2855 quibus
408 2771 449 2832 de
464 2772 615 2834 rebusad
630 2775 796 2837 Cretenses
811 2781 931 2863 pariter
946 2781 1143 2841 Romanos-¹

114 2881 176 2949 que
200 2850 575 2941 pertinentibus‘ageret.
618 2861 710 2943 Nihil
727 2884 922 2949 magnopere
943 2885 981 2925 ea
993 2866 1128 2932 Creten·¹

114 2946 162 3007 ses
177 2952 358 3007 moverunt.
382 2947 539 3029 captivet,
559 2964 686 3029 praeter
703 2950 899 3032 Gortynios,
920 2950 1004 3013 nulli
1018 2946 1127 3009 reddi·

115 3031 245 3092 derunt.
289 3033 434 3097 Valerius
448 3031 562 3093 Antias
584 3033 625 3093 ad
644 3052 776 3117 quatuor
796 3040 899 3101 millia
911 3039 1127 3122 captivorum¹

115 3122 190 3202 quia
211 3117 288 3179 belli
301 3120 406 3180 minas
426 3121 622 3196 timuerunt,
651 3143 691 3182 ex
704 3139 770 3184 tota
788 3126 893 3186 insula
913 3124 1041 3191 reddita
1054 3114 1130 3187 sets·

114 3204 190 3290 psit:
214 3227 347 3288 eamque
364 3206 487 3267 causum
501 3207 615 3283 Fabio,
639 3231 713 3269 cum
732 3225 803 3273 rem
817 3214 941 3275 nullam
955 3212 1053 3273 aliam
1063 3206 1130 3295 ges-

115 3290 216 3377 sisset,
245 3294 368 3353 na'valis
389 3293 544 3376 triumphi
560 3296 757 3376 impetrandi
769 3302 808 3361 ab
818 3299 937 3361 senatu
950 3296 1053 3361 fuisse.
1097 3294 1131 3357 A

116 3380 211 3439 Creta
231 3377 393 3461 Ephesum
417 3383 530 3441 Fabius
552 3381 663 3463 rediit:
699 3385 776 3446 inde
791 3389 900 3459 tribus¹
922 3387 1060 3449 neribu's
1089 3384 1133 3463 in,

116 3465 275 3525 Thraciae
289 3478 377 3526 oram
389 3466 496 3553 missis,
515 3456 554 3525 alb
569 3464 664 3528 Aeno
680 3486 712 3530 et
724 3458 878 3551 Maronea
895 3470 1131 3559 praesidiaau·

116 3551 217 3613 tiochl
230 3551 348 3617 deduci
360 3552 460 3638 jeliu,
481 3554 566 3616 utin
580 3552 727 3621 libertate
745 3580 800 3625 eae
815 3562 954 3626 civitates
970 3558 1085 3625 essent.

767 3858 772 3867 .
957 3794 1143 3875 remo·
