2354 4140
115 112 202 191 426·
311 108 466 171 LIBER
495 110 632 173 mlx.
684 112 859 173 Canffl.
881 114 966 175 Lm.

360 217 396 274 ι’.
467 218 538 297 5039.
721 240 748 275 a.
768 218 944 289 murm.

120 340 153 399 Ρ.
173 339 322 403 ,anicani
342 334 396 395 est.
442 336 506 395 llic
528 338 665 397 Naevius
686 340 723 398 in
738 336 975 419 magistratuum
990 338 1081 399 libris
1094 337 1142 399 est

119 424 408 505 tribunusplebis,
438 424 470 483 Ρ.
486 422 636 499 Garulio,
664 426 697 483 L.
722 426 831 484 Porcio
851 421 1055 484 constdibus:
1083 422 1141 485 sed

118 511 197 573 iniit
210 508 428 583 tribunatum,
469 506 532 591 Ap.
547 510 696 587 Claudio,
729 514 775 571 M.
790 512 982 593 Sempronio
1003 510 1141 571 consuli·

119 600 196 673 bus,
233 613 310 659 ante
336 596 424 657 diem
444 614 593 677 quartum
615 596 690 658 Idus
711 596 921 658 Decembres.
966 597 1048 658 inde
1075 615 1141 659 tres

119 682 247 745 menses
268 680 310 741 acl
333 682 410 743 Idus
433 684 562 743 Martias
583 682 675 759 sunt;
718 686 831 766 quibus
853 686 884 744 P.
898 683 1069 759 Claudius,
1104 686 1140 745 I..

120 773 247 833 Porcius
262 770 461 831 consulatum
481 770 636 831 inierunt.
683 773 731 831 lta
744 788 775 831 et
789 771 900 833 vixisse
919 772 957 833 in
972 770 1148 845 tribunatus

120 858 238 921 Naevii
250 854 396 931 ridemr,
418 854 548 937 dieque
562 859 592 918 ci
608 856 672 921 dici
691 861 786 921 abeo
801 857 955 941 potuisse;
978 857 1142 919 deceffille

119 958 325 1005 tutamenta
353 946 386 1003 L.
403 944 529 1005 b'alerii
554 961 586 1005 et
605 946 648 1005 M.
672 946 774 1007 Porcii
798 945 975 1007 censuram.
1020 946 1139 1007 Trium

119 1032 364 1093 clarifiimorum
382 1028 455 1088 suae
484 1030 636 1112 cariusque
658 1034 762 1113 gentis
782 1035 923 1093 virorum
945 1040 1020 1091 non
1040 1033 1141 1115 magis

70 1136 74 1145 ·
119 1136 266 1203 tempore
284 1132 484 1199 congruente
496 1120 813 1199 comparabilismors
823 1118 1033 1193 videturesse,
1043 1141 1140 1201 quam

119 1206 207 1291 quod
224 1226 324 1266 nemo
346 1224 457 1263 eorum
478 1203 550 1267 satis
573 1204 708 1288 dignum
727 1206 901 1289 splendore
914 1206 996 1267 ritae
1018 1208 1140 1267 eximm

118 1294 241 1355 babuit.
285 1292 356 1353 Jam
378 1292 519 1372 primurn
533 1313 647 1352 omnes
660 1314 732 1352 non
753 1296 790 1355 in
807 1293 911 1375 patrio
926 1293 992 1353 solo
1008 1295 1139 1369 mortui,

117 1400 184 1441 nce
196 1378 307 1460 sepulti
325 1378 408 1438 sunt.
453 1400 584 1439 veneno
599 1370 734 1440 absomti
746 1382 910 1440 Hannibal
928 1396 959 1439 et
974 1379 1139 1463 Philopoe-
1162 1409 1167 1421 =

118 1486 219 1541 men;
241 1462 327 1525 exsul
344 1466 527 1544 Hannibal,
558 1465 704 1549 proditus
719 1470 759 1526 ab
773 1464 915 1549 bospite;
937 1482 1050 1549 captus
1070 1466 1138 1527 Phi·

119 1556 293 1635 lopoemen
318 1553 355 1612 in
374 1572 502 1612 carcere
526 1569 557 1613 et
578 1554 615 1613 in
634 1554 772 1615 vinculis
795 1552 974 1635 exspiravit.
1020 1554 1135 1636 Scipio,

120 1640 176 1701 etsi
197 1659 270 1699 non
291 1636 393 1714 exsul,
423 1660 531 1720 neque
547 1636 734 1715 damnatus,
766 1638 944 1701 dictamen
957 1638 1061 1716 dicta,
1082 1640 1135 1717 2ad

119 1748 216 1811 qtram
230 1748 303 1787 non
317 1722 453 1787 assuerat
467 1746 551 1802 reus,
569 1726 682 1787 absens
696 1728 818 1803 citams,
832 1729 1051 1787 voluntarium
1067 1748 1136 1787 non

119 1814 243 1876 sibimet
256 1810 323 1897 ipse
335 1811 447 1889 solum,
460 1812 516 1873 sed
530 1814 626 1874 etiam
639 1812 751 1875 funeri
763 1813 829 1889 suo,
849 1813 996 1875 exsilium
1005 1813 1133 1875 indixit.

204 1988 291 2067 Llll.
335 1986 430 2048 Dum
449 2008 488 2049 ea
508 1990 546 2049 in
566 1987 787 2073 Peloponneso
805 1944 855 2063 ¹(a
873 1989 987 2071 quibus
1009 1985 1136 2049 divertit

104 2074 236 2149 'oratio)
253 2092 428 2157 geruntur,
450 2074 571 2136 reditus
587 2077 625 2137 in
640 2074 866 2137 illacedoniam
879 2075 1042 2136 Demetrii
1055 2076 1135 2157 lega-

119 2176 289 2245 torumque
305 2162 397 2221 aliter
414 2163 549 2223 aliorum
563 2161 715 2224 affecerat
728 2164 864 2223 animos.
906 2164 1017 2245 vulgus
1031 2164 1135 2221 Mace-

119 2249 262 2324 donum,
297 2248 375 2331 quos
397 2248 473 2310 belli
494 2253 535 2311 ab
553 2252 712 2313 Romanis
731 2250 932 2309 imminentis
951 2266 1056 2308 metus
1075 2264 1136 2309 ter·
1165 2259 1171 2289 ²

118 2352 246 2412 ruerat,
265 2334 488 2414 Demetrium,
511 2352 546 2395 ut
560 2341 649 2419 pacis
662 2351 841 2413 auctorem,
862 2358 936 2399 cum
948 2336 1079 2418 ingenti
1091 2332 1136 2395 sa·

119 2444 198 2485 vore
211 2420 469 2503 conspiciebant3
499 2424 594 2483 timul·
608 2442 640 2485 et
653 2424 708 2509 spe
724 2423 810 2485 haud
831 2422 928 2484 dubia
947 2444 1087 2505 regnum
1105 2421 1136 2483 ei

77 2502 83 2511 ’
119 2508 340 2595 postmortem
353 2510 451 2590 patris
465 2508 677 2572 destinabant.
727 2510 822 2585 Nara,
847 2506 899 2582 etfi
912 2515 1012 2570 minor
1031 2526 1135 2583 aetate,
1168 2580 1171 2587 Ι

120 2616 209 2677 quam
226 2592 366 2675 Perseus,
389 2592 475 2671 effer,
496 2594 572 2659 stunc
583 2596 767 2681 tomeuj'usta
784 2596 1027 2676 matrefamilia,
1054 2595 1138 2657 itu·
1167 2674 1170 2679 Ι

119 2680 343 2765 pelliceorum
365 2679 438 2763 effe:
472 2682 574 2759 illum,
607 2686 695 2745 ut'ex
709 2682 833 2768 uulgato
847 2703 976 2764 corpore
991 2684 1137 2769 geniture,

120 2766 323 2829 undumeni
341 2772 441 2847 patris
462 2788 556 2832 noum
574 2768 699 2843 labem
737 2768 811 2830 hunc
838 2769 978 2855 insignem
995 2766 1139 2851 Philippi
1168 2844 1171 2853 1

116 2851 338 2928 fimilitudinem
365 2857 489 2940 praese
506 2859 633 2939 ferres
667 2857 717 2920 Ad
743 2852 814 2933 boc,
861 2856 1005 2939 Romanos
1029 2857 1141 2937 Deute-
1169 2907 1171 2919 .

119 2960 214 3005 trium
232 2945 264 3001 in
280 2958 415 3023 ¹paterno
430 2942 508 3027 solio
528 2944 696 3007 locuturos:
735 2942 837 3026 Persei
855 2943 961 3006 nirdam
982 2942 1069 3027 apud
1085 2938 1138 3007 'eos
1169 2944 1171 2950 ’

118 3032 248 3115 gratiam
263 3026 325 3109 effe.
372 3030 460 3095 Haec
481 3033 576 3114 volgo
596 3034 817 3115 loquebantur.
841 3032 947 3114 itaque
967 3048 999 3092 et
1023 3031 1139 3092 Persea

118 3137 195 3177 cura
210 3116 362 3198 angebat,
390 3138 434 3176 ne
448 3139 562 3200 parum
576 3141 636 3202 pro
659 3118 691 3177 se
712 3139 777 3176 una
792 3134 876 3179 aetas
891 3120 1029 3195 valeret,
1061 3140 1139 3181 cum

118 3204 269 3264 omnibus
290 3202 359 3262 aliis
384 3206 478 3264 rebus
501 3202 600 3265 frater
619 3204 762 3287 superior
784 3204 879 3265 essct:
918 3223 950 3265 et
968 3206 1139 3289 Philippus

117 3287 202 3373 ipse,
245 3290 301 3351 vix
315 3288 360 3348 sui
378 3290 501 3351 arbitrii
517 3289 604 3367 sore,
634 3313 731 3374 quern
751 3289 913 3359 heredem
927 3293 1023 3374 regni
1034 3294 1138 3355 relin-

118 3388 247 3459 queret,
270 3374 422 3452 credens,
443 3378 501 3437 libi
516 3399 641 3460 quoque
657 3381 836 3461 graviorem
852 3378 933 3455 esse,
958 3400 1057 3460 quam
1071 3384 1139 3443 vel·

116 3462 179 3539 let,
207 3464 369 3523 minorem
392 3463 492 3523 lilium
512 3466 671 3525 censebat.
717 3464 953 3526 Offendebatur
967 3465 1139 3531 interdum

117 3548 273 3609 concursu
287 3546 503 3611 Makedonum
525 3552 566 3611 ad
587 3574 679 3629 eum,
724 3570 757 3613 et
777 3554 911 3613 alteram
927 3555 990 3638 jam
1010 3553 1046 3617 se
1063 3558 1138 3621 vivo

116 3636 238 3719 regiam
260 3633 323 3696 esse
347 3636 584 3722 indignabatur.
629 3640 671 3700 Et
688 3639 755 3723 ipse
779 3640 906 3719 juvenis
926 3640 1139 3707 hauddubie

116 3721 259 3785 bullatior
273 3722 429 3801 redierat,
458 3724 602 3789 subnisus
618 3748 694 3810 erga
705 3727 738 3791 se
751 3727 875 3809 judiciis
889 3727 1138 3817 senatus,ncon

1025 3820 1138 3887 'cesss-
