2354 4140
94 96 99 107 '
257 104 442 167 LtBEtt
469 108 532 171 xt.
574 109 663 170 Car.
686 110 777 174 XXV.
805 110 917 173 xxvt.
1026 118 1093 185 353

326 212 514 287 ucbm.
613 216 842 287 assNaffl.
968 216 971 221 '

68 326 218 410 nosipsos
232 346 367 405 montes,
382 334 470 393 unde
484 352 668 395 averterant
684 334 817 408 hostem,
833 338 979 396 exercitu
995 337 1087 397 omni

67 430 203 490 coacto,
225 432 360 497 repente
383 419 591 482 multitudine
612 420 736 505 ingenti
753 420 850 482 castra
867 425 1085 484 Romanorum

55 520 260 585 ,oppugnare
282 501 372 564 simul
389 506 537 567 omnibus
562 509 664 591 portis
688 505 814 591 aggressi
829 506 910 569 sunt.
958 510 1086 570 Summa

68 589 106 651 ri
124 604 227 649 totum
245 587 331 650 diem
346 611 583 675 oppugnarunt,
606 595 650 654 ita
669 612 703 654 ut
721 616 764 655 ne
780 593 940 655 efferendi
954 596 1085 677 quidem

69 672 159 759 ligna
166 677 321 739 Romanis
337 675 485 759 spatium,
506 702 569 743 nec
583 681 627 742 ad
639 681 864 765 explicandam
879 683 981 743 aciem
997 684 1085 743 locus

70 762 158 825 esset.
204 761 350 825 Conferti
374 764 412 825 itt
436 768 553 847 portis,
586 766 740 829 obstando
761 767 877 849 magis,
909 789 1003 850 quam
1029 790 1085 852 pu-

70 848 217 935 gmttdo,
236 848 335 911 castra
344 855 536 917 tutabantur.
581 854 796 916 Suboocasum
813 850 882 915 solis
896 877 968 916 cum
983 852 1082 915 reces-

71 936 180 999 sissent
194 934 318 1011 besses,
345 937 423 999 duos
444 941 566 1025 equites
588 942 629 1002 ad
655 944 717 1005 Cn.
742 941 892 1001 Baebium
915 940 1084 1022 proconsu-

71 1026 138 1087 lem
154 1046 229 1085 cum
252 1025 353 1085 literis
370 1026 446 1086 Pisas
461 1028 580 1106 mittit,
608 1044 643 1089 ut
656 1025 771 1089 obsesso
792 1025 848 1089 sibi
864 1050 922 1111 per
938 1028 1083 1088 inducias

73 1110 311 1195 quamprimum
341 1112 474 1173 subsidio
501 1116 638 1175 reniret.
685 1113 819 1178 Baebius
839 1116 1015 1175 exercitum
1038 1115 1082 1175 M.
1145 1148 1149 1156 ·

72 1198 205 1261 vinario
219 1200 378 1276 praetori,
405 1200 497 1261 eunti
520 1202 557 1261 in
572 1201 770 1279 Sardiniam,
795 1201 981 1263 tradiderat.
1001 1217 1083 1261 eete-

75 1306 147 1347 rum
162 1282 350 1347 arsenarum
367 1287 469 1348 literis
484 1288 655 1349 certiorem
676 1287 773 1362 serit,
802 1286 937 1349 obsideri
957 1311 974 1348 a
991 1288 1083 1369 Ligu-

79 1372 163 1433 r'stttts
177 1372 211 1433 L.
231 1370 417 1448 Aemilium,
441 1390 473 1435 et
488 1378 531 1437 M.
542 1375 674 1436 Claudio
692 1377 855 1450 Marcello,
877 1376 962 1454 cujus
977 1373 1084 1457 proxi·

77 1458 129 1525 mit
146 1457 228 1541 inde
252 1460 418 1541 provincia
440 1478 526 1539 erat,
560 1459 701 1544 scripsit,
730 1478 783 1537 ut,
810 1460 833 1519 li
858 1462 1020 1523 rideretur
1043 1458 1085 1536 ei,

75 1544 253 1607 exercitum
277 1566 317 1606 ex
332 1547 437 1607 Gallia
459 1548 639 1611 traduceret
660 1550 697 1609 in
714 1549 856 1629 Ligures,
879 1564 910 1608 et
928 1551 959 1608 L.
974 1547 1085 1609 Aemi·

54 1632 156 1719 'sium
167 1632 323 1693 liberaret
338 1632 511 1696 obsidione.
542 1637 629 1697 Haec
649 1635 713 1696 sera
727 1634 831 1695 sutura
848 1635 965 1694 attxilia
982 1651 1084 1694 erant.

73 1718 209 1803 ligures
222 1718 348 1803 postero
367 1720 421 1781 die
441 1721 482 1781 ad
497 1722 597 1783 castra
618 1722 764 1782 redeunt.
809 1721 986 1797 Aemilius,
1010 1742 1084 1782 oum
1146 1776 1149 1783 .

74 1822 110 1869 et
122 1821 272 1867 venturos
286 1806 400 1883 scisset,
428 1824 461 1867 et
480 1810 616 1870 educere
632 1811 671 1868 'tn
686 1808 785 1868 aciem
804 1806 972 1888 potuisset,
998 1807 1086 1867 intra

75 1892 200 1953 vallum
213 1890 278 1953 suos
292 1895 408 1969 tenuit,
429 1911 465 1953 ut
483 1897 666 1957 extraheret
680 1916 747 1955 rem
765 1894 802 1953 iu
819 1893 853 1953 id
868 1910 1002 1977 tempus,
1023 1915 1085 1976 quo

75 1976 215 2039 Baebius
226 1998 296 2041 oum
311 1981 457 2043 exercitu
472 1983 585 2044 venire
607 1980 710 2043 aPists
725 1979 838 2064 posset.

157 2152 265 2217 xxvt.
288 2156 408 2216 Romae
424 2175 567 2239 magnam
586 2152 831 2238 trepidationem
846 2153 960 2215 literae
976 2149 1087 2213 Baebii

77 2234 251 2303 fecerunta
272 2263 311 2305 eo
326 2244 491 2323 majorem,
508 2240 590 2323 quod
608 2260 724 2325 paucos
741 2241 809 2323 post
825 2240 892 2302 dies
902 2239 1086 2311 MarcelluS,

63 2326 195 2389 ¹madito
208 2329 352 2391 exercitu
372 2330 485 2405 Fabio,
511 2331 645 2389 Romam
668 2350 738 2390 cum
756 2327 906 2401 venisset,
928 2326 1013 2410 spem
1033 2323 1086 2383 ad·-

78 2413 169 2493 amit,
187 2434 272 2494 eum,
292 2414 348 2499 qui
366 2416 405 2477 in
418 2415 525 2478 Gallia
539 2414 625 2494 esset,
640 2416 816 2476 exercitum
831 2416 868 2476 in
878 2415 1005 2497 Ligures
1024 2427 1089 2471 tra·

78 2498 156 2563 duci
175 2500 279 2585 posse,
310 2502 381 2585 quie
396 2505 517 2565 bellum
540 2523 612 2563 cum
627 2503 713 2564 istria
727 2500 819 2576 esset,
840 2499 1088 2585 prohibentibus

78 2587 240 2659 muniam
255 2590 433 2672 Aquileiam
447 2589 573 2652 deduci.
618 2611 656 2652 eu
670 2587 851 2674 proiectum
868 2589 1011 2662 Fabium,
1032 2584 1095 2646 ne?

79 2672 242 2757 quoinde
263 2677 406 2760 regredi,
427 2679 513 2738 bello
535 2676 707 2753 inchoato,
732 2674 828 2759 posse.
879 2676 977 2749 Una,
997 2688 1030 2734 et
1052 2691 1089 2732 ea

78 2760 92 2825 i
115 2758 301 2838 satardior,
330 2785 422 2846 quarn
439 2780 564 2845 tempus
579 2762 767 2846 postulabat,
787 2758 911 2823 subsidii
926 2760 995 2841 spes
1009 2773 1090 2832 erat,

54 2784 259 2911 usmntutes
271 2848 475 2913 maturassent
488 2849 522 2910 in
536 2850 738 2932 provinciam
755 2851 814 2910 ire.
833 2847 868 2909 id
883 2865 917 2908 ut
931 2846 1090 2919 iacerent,

58 2950 146 3085 ἐἰ
166 2934 197 2997 [ο
220 2938 353 3020 quisque
377 2940 502 2998 Petrum
526 2936 705 3000 vociferari.
751 2933 919 3006 Consules,
942 2930 1002 2992 nist
1016 2949 1092 2991 con·

146 3044 168 3085 o
181 3022 319 3100 delectu,
340 3043 458 3107 negare
473 3022 503 3083 se
520 3024 630 3099 ituros,
652 3044 716 3084 nec
735 3018 818 3082 suam
836 3019 1018 3102 segnitiem,
1038 3014 1092 3074 sed

57 3108 147 3173 ¹¹bitti
164 3112 284 3187 morbi,
307 3111 346 3170 in
364 3110 452 3171 causa
466 3109 542 3186 esse,
579 3132 640 3191 quo
654 3108 750 3170 serius
771 3107 992 3188 perficeretur.
1022 3120 1093 3162 non

56 3194 188 3355 ,που
205 3212 378 3287 potuerunt
399 3198 552 3260 sustinere
575 3194 761 3277 consensum
776 3193 918 3268 senatus,
946 3190 1026 3272 quin
1039 3209 1093 3272 pa·

131 3350 139 3359 ,
158 3284 184 3345 ti
200 3283 347 3360 exirent,
369 3300 400 3346 et
416 3286 591 3360 militibus,
614 3300 692 3365 quos
711 3279 907 3362 conscriptos
923 3279 1093 3349 haberent,

50 3358 169 3431 ΤΜ
185 3370 372 3447 edicerent,
394 3395 455 3454 qao
474 3369 551 3431 Pisas
568 3366 792 3431 convenirent.
813 3364 1020 3447 permissum,
1041 3379 1093 3434 ut,

85 3468 148 3539 qna
164 3454 275 3535 irent,
301 3459 449 3541 protinus
465 3457 629 3519 subitarios
645 3456 763 3516 militet
778 3453 971 3529 scriberent,
1003 3451 1096 3512 duee·

81 3558 224 3625 reusque
234 3540 348 3608 secum.
392 3544 435 3605 Et
455 3546 668 3626 praetoribus,
691 3544 729 3620 Q.
746 3542 867 3602 Petillio
883 3556 916 3601 et
932 3543 972 3618 Q.
989 3536 1098 3608 Fabio,

59 3698 62 3703 ,
77 3628 277 3718 ¹ititperuturu
295 3631 360 3709 est,
385 3648 420 3693 ut
436 3632 575 3695 Petillios
599 3629 676 3692 duas
694 3629 833 3712 legiones
852 3627 968 3689 civium
986 3629 1098 3720 Rorna-

53 3718 205 3809 fflruoa
226 3718 445 3785 tumultuarias
465 3717 636 3809 scriberet,
666 3733 698 3778 et
720 3734 833 3779 omnes
849 3715 991 3777 minores
1008 3727 1100 3793 quin-

225 3824 230 3835 ·
593 3802 640 3867 Fs
662 3808 684 3873 3
1030 3814 1104 3876 qua·
