2354 4140
104 78 123 113 ·’
154 108 335 173 tisun
354 106 432 170 xn.
474 108 561 170 c...
582 106 675 172 xxv.
693 104 804 170 xxvi.
941 107 1010 175 sos

241 218 282 275 U.
296 216 330 275 (ἱ
346 213 422 289 578.
519 232 545 271 e.
565 214 601 273 e.
619 212 661 273 N.
677 216 750 293 174.

38 292 1010 335 βψ...-

38 359 102 401 rem
132 332 374 398 multitudinem
397 332 594 416 Eupolemus
624 334 721 395 etiem
747 334 856 397 obrius
878 331 1010 403 exierat,

38 448 72 487 m
86 420 273 487 salutatione
284 420 420 503 benigni
434 420 560 502 excepti
573 418 683 495 essent,
698 416 890 501 dextraeque
905 416 1010 492 detes,

116 510 221 581 ientes
242 520 386 589 portam,
415 506 510 567 sidem
534 507 640 568 datam
659 508 813 591 Deosque
837 504 929 567 testes
953 526 1009 566 ne·

38 596 170 683 ndquem
183 596 389 666 invocantes,
416 593 581 656 interfecti
597 593 678 656 sunt.
723 594 806 657 lude
820 594 946 677 gravius
966 590 1009 653 de

39 702 128 771 tegro
149 682 267 745 bellum
290 678 413 741 exarsit.
464 684 499 743 C.
521 682 668 745 Velerius
689 682 864 754 Laevinus,
892 695 925 740 et
945 681 1009 761 Ap.
1100 728 1105 735 .

38 772 149 837 rudius
173 766 331 841 Pulcher,
353 781 386 829 et
401 768 437 832 C.
451 768 636 843 Memmius,
659 785 697 829 et
718 772 762 831 Μ.
784 767 951 849 Popillius,
977 781 1010 827 et

44 858 226 939 Canuleius
244 850 327 915 missi
342 856 388 915 eh·
405 852 513 915 bnetu
535 872 700 917 renerent.
745 854 843 937 Apud
861 874 913 915 eus
935 874 1011 917 cum

38 945 143 1031 elphis
155 942 322 1023 utriusque
335 930 437 1023 pertis
453 943 548 1025 legati
556 964 671 1027 magno
681 942 856 1005 certamino
867 954 1011 1025 agerent,

38 1048 164 1097 mnus
180 1029 331 1103 menime,
347 1050 421 1089 eum
434 1028 535 1097 oense.
555 1048 622 1089 tum
638 1030 830 1112 eloquentia,
854 1026 1010 1110 praestare

38 1118 79 1183 :its
93 1118 158 1194 est,
183 1116 239 1199 qui
256 1134 370 1200 paunus
384 1114 455 1197 post
469 1115 537 1176 dies
553 1119 592 1177 ob
602 1115 781 1177 Orthobula
798 1132 901 1177 trxore
916 1133 1010 1187 uene·

38 1204 257 1273 ‚estsuhletusz
278 1200 489 1284 domuumque
505 1224 542 1263 eo
558 1204 706 1279 erimine,
718 1204 756 1263 in
769 1202 911 1267 exsilium
920 1198 1010 1263 abiit.

38 1316 93 1357 em
108 1290 202 1355 sutor
217 1304 251 1351 ot
267 1288 433 1351 Cretenses
452 1292 620 1352 lauerabat.
670 1290 810 1353 adventu
831 1288 954 1351 deiude
969 1290 1010 1367 Q.

38 1378 141 1443 iuuoii
155 1376 266 1461 legati,
296 1376 352 1459 qui
368 1398 440 1437 oum
455 1376 566 1439 decem
581 1376 714 1439 neribus
728 1376 833 1439 missus
849 1376 888 1437 ad
903 1372 1010 1439 sedun-

38 1483 171 1533 s'eorum
186 1464 362 1526 certamine
376 1482 455 1537 eret,
477 1464 515 1525 in
535 1463 618 1543 spem
635 1465 721 1547 pacis
735 1480 901 1527 venerunt.
931 1478 1011 1526 ceto·

41 1578 72 1617 m
87 1550 240 1615 indooiee
256 1566 289 1611 et
302 1565 396 1610 anteo
409 1548 461 1611 sex
476 1547 631 1612 mensium
646 1550 794 1613 suerunt:
816 1550 893 1612 inde
912 1552 1010 1611 multo

38 1640 129 1705 evius
146 1638 266 1699 bellum
282 1634 407 1697 exarsit.
457 1636 547 1719 Lycii
567 1659 690 1719 quoque
705 1660 764 1719 per
783 1636 869 1699 idem
887 1656 1010 1721 tempus

38 1752 45 1791 s
61 1724 197 1789 Rhodiis
221 1722 305 1785 hello
326 1727 529 1785 vexabantur.
575 1722 638 1785 Sed
653 1740 861 1785 externorum
878 1726 965 1786 inter
981 1723 1012 1785 se

38 1816 113 1889 slle,
133 1834 195 1895 quo
210 1830 354 1893 quaeque
372 1811 467 1873 modo
483 1809 563 1895 geste
579 1809 669 1887 sunt,
696 1809 839 1894 perloqui
857 1831 927 1872 non
939 1832 1011 1894 ope-

38 1920 67 1965 se
80 1898 137 1975 est,
148 1896 215 1959 setis
230 1896 385 1981 superque
399 1896 508 1961 oneris
528 1897 694 1962 sustinenti
710 1916 762 1960 res
783 1918 801 1959 n
819 1900 937 1981 populo
950 1901 1011 1965 llo·

38 2008 108 2051 uno
120 1980 216 2071 gestes
235 1984 383 2047 scrihere.

85 2152 197 2223 xxvi.
242 2158 399 2221 Celtiberi
421 2158 458 2220 in
473 2159 641 2243 Hispanis,
670 2158 726 2244 qui
748 2160 833 2221 hello
848 2156 960 2221 domiti
981 2156 1013 2219 so

38 2246 63 2309 i.
87 2246 240 2311 Greooho
265 2245 475 2321 dediderunt,
502 2249 604 2331 pecati
631 2247 811 2309 manserunt
829 2249 872 2308 Μ.
890 2243 1013 2307 Titinio

38 2348 159 2397 metere
173 2332 343 2395 obtinente
358 2335 566 2415 provinciam.
608 2336 807 2397 rebellarunt
826 2332 883 2394 sub
898 2332 1013 2394 adven·

38 2444 74 2483 un
90 2422 152 2503 Ap.
169 2419 313 2496 Claudii,
340 2420 461 2501 orlique
483 2423 600 2481 bellum
622 2420 692 2483 sunt
714 2420 940 2503 ebs-epentina
959 2442 1013 2502 op-

38 2506 207 2597 ugmtione
237 2506 410 2567 uestrorum
427 2512 662 2570 Romanorum.
705 2508 807 2569 Primo
835 2511 890 2567 lux
912 2506 1015 2569 ferme

38 2606 97 2669 tet,
117 2614 193 2655 uum
209 2593 317 2675 vigilet
332 2594 368 2653 in
383 2596 483 2671 vello,
511 2597 630 2678 quique
642 2596 680 2659 in
694 2611 856 2678 portarum
873 2593 1014 2657 stationi·

38 2700 68 2747 ss
82 2694 198 2749 erunt,
219 2700 291 2741 cnm
307 2678 458 2742 vidissent
473 2685 582 2763 procul
603 2684 787 2746 uenientem
810 2683 946 2759 bostem,
975 2679 1016 2742 ud

38 2787 100 2853 me
123 2767 414 2830 ounolumaverunt.
468 2769 529 2851 Ap.
554 2770 719 2844 Claudius,
754 2768 841 2854 signo
860 2765 1016 2852 proposito

38 2874 157 2941 uqnee,
180 2872 218 2915 so
239 2853 347 2933 peusis
365 2854 548 2916 adhortatus
568 2858 701 2931 milites,
723 2859 823 2918 trihus
839 2855 929 2916 simul
945 2879 1017 2939 por·

38 2938 197 3005 &eduxit-
242 2938 468 3002 obsistentibus
490 2942 671 3004 aderitum
694 2943 883 3015 Celtiberis,
911 2944 1033 3023 primos

38 3036 259 3107 sr-'utrumque
271 3028 430 3109 proelium
446 3027 524 3105 suit,
554 3030 772 3114 quiapropter
785 3028 937 3112 angustias
951 3046 1019 3088 uon
1059 3062 1064 3071 ·

38 3132 127 3179 mnes
144 3112 183 3174 in
204 3112 348 3175 saucibus
368 3135 508 3198 pugnare
524 3132 671 3197 poterent
686 3115 841 3177 Romani:
872 3130 1020 3198 urgentus

38 3198 137 3268 elude
158 3198 214 3261 elii
231 3200 310 3263 elios
328 3200 427 3263 secuti
442 3201 607 3265 eraserunt
624 3219 716 3264 extre
736 3204 871 3278 vallum,
899 3220 932 3263 ut
946 3223 1021 3285 pan-

38 3308 94 3357 n
106 3285 229 3363 eciem,
250 3304 282 3349 et
302 3289 471 3370 exaequari
487 3289 639 3351 cornibus
654 3288 812 3363 hostibus,
832 3290 946 3372 quibus
960 3293 1022 3352 eir·

38 3374 241 3455 lmihsntur,
263 3371 392 3456 possent.
436 3375 481 3434 ita
503 3392 638 3457 repente
659 3395 853 3458 eruperunt,
885 3394 919 3437 ut
940 3376 1025 3439 susti.

38 3470 98 3543 sese
113 3461 270 3545 impetum
289 3481 399 3521 eorum
410 3462 568 3522 Celtiberi
582 3462 766 3544 nequirent.
810 3466 897 3527 Anto
912 3466 1024 3527 horum

38 3546 188 3611 mem
202 3544 283 3631 pulli
302 3545 390 3608 sunt:
418 3548 458 3609 ed
474 3547 658 3631 quindecim
679 3549 778 3611 millia
801 3551 887 3615 cause
906 3570 962 3627 eut
977 3572 1026 3611 oe-

38 3648 91 3713 tet
117 3632 205 3719 signs
219 3634 345 3696 ademta
360 3634 425 3695 duo
444 3651 477 3696 et
500 3637 641 3720 triginta.
688 3637 794 3713 Castro
811 3639 904 3700 etiam
919 3661 957 3700 eo
972 3636 1027 3698 die

38 3734 224 3809 τρυφὴ,
243 3720 507 3809 debellatumque.
535 3744 653 3811 uuam,
664 3728 720 3815 qui
734 3725 930 3815 supersueru
946 3740 1061 3865 prop·-

261 3822 275 3837 ··
518 3813 600 3894 115
1022 3804 1064 3863 'se
