2354 4140
138 112 191 193 ᾧ
345 104 499 169 menn
521 106 582 167 xt.
619 106 905 187 narrtxvu.
1002 69 1012 85 ⁸

304 215 343 273 U.
367 213 400 272 C.
419 219 492 288 570.
662 290 665 295 Ι
717 235 743 271 a.
762 214 795 273 C.
813 214 855 273 N.
875 220 946 277 132.
1021 210 1025 215 ’

128 338 325 418 Hispanum,
357 334 531 394 Urbicuam
543 334 696 408 nomine,
722 350 965 415 oppugnantem
988 333 1137 393 Celtiberi

127 422 232 495 adorti
246 421 327 480 sunt.
369 420 462 479 Dura
478 421 523 481 ibi
535 421 657 504 proelia
671 422 788 500 aliquot
803 418 900 478 facta:
920 421 1013 480 multi
1022 421 1135 479 Rome-

127 511 166 570 ni
179 509 294 568 milites
309 522 339 565 et
357 508 530 583 vulnerati,
558 524 590 567 et
602 505 761 567 interfecti
775 504 858 565 sunt.
901 506 977 567 victi
995 504 1137 588 perseve-

126 596 232 656 rantia
246 594 363 668 Fulvii,
391 593 476 675 quod
499 595 588 655 nulla
610 595 640 654 vi
663 593 801 653 abstrahi
829 594 868 650 ab
892 592 1058 652 oblidione
1085 614 1137 675 po·

125 684 203 757 tuit,
232 681 399 755 Celtiberi,
430 678 499 740 fessi
522 682 650 763 proeliis
665 682 759 742 variis
780 677 1006 739 abscesserunt.
1051 682 1136 754 urbs,

126 784 232 829 amoto
248 768 365 827 auxilio
380 768 492 827 eorum'
499 811 508 842 ,
537 768 623 828 intra
639 787 755 850 paucos
767 765 837 825 dies
860 783 950 848 capta
966 783 996 825 et
1012 765 1137 848 direpta

127 857 187 916 el't:
215 852 368 937 praedam
387 854 539 914 militibus
561 871 688 936 praetor
703 851 861 913 concessit.
906 854 1050 929 Fulvius,
1077 853 1135 913 hoc

126 940 245 1025 oppido
267 957 375 1024 capto,
413 942 443 1001 P.
467 941 635 1016 Manlius,
651 942 791 1001 exercitu
818 956 943 999 tantum
967 940 1006 1005 in
1033 960 1135 999 unum

124 1044 249 1103 coacto,
273 1029 327 1109 qni
338 1024 498 1109 disbpatus
513 1026 634 1103 suerat,
656 1029 746 1087 nulla
762 1027 823 1087 alia
835 1026 1038 1087 memorabili
1052 1024 1135 1108 geste

126 1138 179 1190 rc,
203 1115 358 1174 exercitus
380 1116 417 1174 in
432 1114 569 1173 hiberna
592 1113 806 1181 deduxerunt.
853 1116 938 1175 Haec
962 1134 1000 1172 ea
1018 1112 1133 1173 aestate

124 1205 164 1264 in
181 1202 334 1281 Hispania
351 1200 444 1284 gesta.
488 1202 675 1278 Terentius,
704 1202 814 1283 quiex
832 1221 870 1261 ea
891 1200 1062 1283 provincia
1082 1196 1133 1259 de·
1145 1240 1168 1297 ι

124 1288 273 1361 cesserat,
301 1306 398 1349 ovans
416 1289 531 1347 urbem
549 1288 632 1348 iniit.
655 1278 860 1364 translatum,
883 1284 1137 1369 argentipondo

124 1396 245 1436 novem
259 1374 365 1436 millia.
380 1391 524 1434 trecenta
538 1375 663 1457 viginti:
694 1375 762 1434 auri
780 1376 939 1457 octoginta
954 1370 1094 1455 pondo,
1103 1388 1134 1433 et

124 1461 207 1522 duae
223 1481 361 1523 coronae
377 1482 490 1524 aureae
509 1460 621 1544 pondo
635 1460 796 1545 sexaginta
810 1461 939 1545 septem.
981 1476 985 1481 '

203 1636 302 1697 XVII.
325 1634 448 1696 Eodem
465 1657 555 1697 anno
570 1638 656 1697 inter
669 1637 822 1720 populum
838 1631 1133 1716 Carthaginiensem

125 1740 157 1787 et
168 1720 276 1806 regem
290 1721 482 1784 Masinissam
502 1724 588 1784 inre
603 1723 763 1807 praesenti
778 1722 1001 1803 disceptatores
1016 1722 1130 1781 stoma.

122 1812 162 1871 ni
177 1809 217 1870 de
232 1830 306 1891 agro
327 1808 468 1871 suerunt.
523 1828 650 1895 ceperat
665 1833 738 1870 eum
756 1814 796 1869 ab
820 1804 1129 1891 Carthaginiensibus
1154 1814 1157 1819 '

121 1914 213 1981 pater
228 1895 424 1972 Masinissae,
453 1897 553 1958 Gala:
583 1900 698 1960 Galam
711 1897 840 1979 Syphax
854 1895 933 1956 inde
948 1895 1129 1977 expulerat:

121 1984 245 2067 postea,
279 1984 318 2044 in
339 1985 471 2065 gratiam
491 1976 591 2045 soceri
614 1983 838 2059 Hasdrubalis,
867 1976 1129 2063 Carthaginiensi·
1166 2042 1168 2049 ,

121 2075 180 2132 bu's
200 2070 288 2130 dono
312 2068 453 2132 dederat.
495 2069 774 2154 (arthaginienses
801 2091 839 2128 eo
860 2088 950 2128 anno
971 2062 1130 2129 Masinissa

122 2159 295 2240 expulerat.
342 2156 436 2217 Haud
460 2160 587 2219 minore
609 2158 784 2223 certamine
804 2158 1004 2229 animorum,
1028 2172 1139 2237 ‚quam-

38 2290 41 2295 «
121 2266 196 2303 cum
215 2241 302 2303 ferro
318 2258 353 2307 ,et
374 2246 440 2305 acie
456 2243 665 2320 dimicarunt,
693 2265 744 2303 res
766 2261 835 2303 acta
852 2240 1124 2325 apud-Romanos.

119 2328 416 2411 Carthaginienses,
450 2332 534 2414 quod
555 2333 659 2415 primo
683 2332 841 2409 maiorum
862 2328 989 2389 suorum
1014 2324 1124 2400 fuisse&

100 2476 103 2481 ,
120 2415 242 2476 deinde
262 2418 300 2473 ab
317 2416 460 2498 Syphace
475 2418 516 2476 ad
535 2417 568 2478 se
587 2396 797 2501 pervertisstit‚
821 2418 1019 2499 repetebant.
1064 2414 1124 2473 bb.

120 2500 246 2577 finisse,
274 2507 398 2582 paterni
414 2509 501 2586 regni
516 2523 621 2588 agrum
629 2503 662 2586 se
678 2523 708 2565 et
723 2504 876 2585 recepisse,
895 2519 926 2560 et
940 2497 1048 2563 babere
1055 2502 1124 2584 jure

121 2584 272 2669 gentiunt,
296 2590 415 2670 ajebat,
445 2608 475 2649 et
494 2590 594 2671 causa,
623 2609 653 2651 et
670 2589 837 2675 pospffione
852 2592 1039 2671 Juperiorem
1064 2582 1122 2667 effe·
1152 2652 1155 2659 ,

119 2668 197 2733 nibil
215 2672 296 2733 aliud
311 2674 344 2754 se
360 2677 391 2733 in
410 2696 440 2735 ea
467 2672 680 2753 disceptatione
701 2696 846 2752 metuere,
874 2694 959 2757 quam
973 2694 1008 2733 tte
1024 2672 1122 2756 ptrdot

121 2757 337 2833 Romanorum,
370 2758 438 2823 dum
461 2780 642 2842 vereantur,
677 2783 712 2824 ne
740 2762 907 2844 quidsoctc
929 2779 1017 2843 atque
1037 2760 1123 2820 aoht

118 2849 188 2929 regi
216 2844 355 2927 adversus
376 2866 536 2925 commutes
547 2849 619 2931 suus
638 2869 725 2932 atque
753 2849 834 2911 illius
864 2845 956 2924 baller
981 2834 1123 2927 indubiffi

118 2934 298 3007 uideantur,
321 2931 485 3007 damnaſse.
531 2937 636 3019 Legati
651 2936 846 3019 potteffionis
865 2938 913 3017 jus
933 2954 1006 2994 non
1027 2946 1120 2991 mum

29 3026 31 3031 '
116 3035 205 3079 rtmt.
249 3019 372 3079 causam
388 3022 547 3104 integram
561 3026 699 3083 Romam
716 3023 923 3084 ad'senatum
935 3021 1125 3104 rejecerunt,

117 3107 160 3165 ln
176 3107 341 3188 Liguribus
365 3106 447 3167 nihil
470 3109 577 3191 postea
595 3110 725 3193 gestum.
771 3108 965 3171 recesserant
986 3107 1123 3189 primum
1149 3148 1153 3159 .

116 3193 155 3249 in
177 3191 285 3254 devios
307 3193 417 3254 saltus:
453 3194 590 3273 deinde,
622 3197 747 3259 dimisso
768 3198 926 3272 exercitu,
956 3176 1078 3277 pallini
1088 3191 1125 3269 iu

116 3277 202 3337 ticos
225 3279 411 3361 castellaque
432 3280 486 3341 sua
506 3282 615 3366 dilapsi
635 3284 718 3345 sunt.
750 3283 914 3357 ,Consules
935 3299 1061 3363 quoque
1081 3276 1123 3339 di·

115 3362 241 3423 mittere
261 3368 436 3426 exercitum
453 3371 639 3446 voluerunt,
668 3394 704 3431 ac
727 3370 767 3431 tle
782 3392 820 3431 ea
834 3368 872 3431 re
893 3370 999 3429 Patres
1016 3362 1123 3425 consu

114 3447 254 3509 luerunt.
297 3450 444 3512 Alterum
466 3477 508 3517 ex
528 3457 595 3532 his,
628 3457 752 3518 dimisso
776 3458 937 3530 exercitu,
973 3452 1015 3513 ad
1029 3452 1124 3535 magi·

113 3534 226 3595 stratus
239 3536 276 3595 in
288 3558 412 3599 annum
422 3542 576 3603 creandos
592 3547 704 3605 venire
712 3548 851 3605 Romam
865 3540 1037 3627 jusserunt:
1052 3540 1124 3599 alte·

107 3644 182 3683 rum
197 3644 272 3684 curn
286 3624 461 3708 legionibus
474 3628 536 3688 suis
550 3629 621 3689 Pisis
637 3632 792 3694 hiemare.
833 3632 930 3691 Fama
944 3642 1029 3703 erat,
1041 3625 1124 3701 ,Gal-

90 3712 147 3776 Jos
166 3714 408 3802 Transalpinos
424 3716 784 3804 iuuentutematmarer.
805 3738 892 3805 nee,
911 3716 1063 3809 inquam
1075 3730 1122 3812 11⁸·

539 3828 541 3833 ,
990 3812 1006 3861 ¹¹.
1068 3816 1128 3875 ῳ.
