2354 4140
279 88 438 153 LIBER
460 90 571 151 XLIII.
615 92 702 149 (Iar.
723 89 822 151 xxtt.
839 88 953 149 XXIII.

360 196 400 255 U.
416 195 450 255 C.
473 197 547 265 583·
662 215 688 254 a.
705 196 739 254 C.
757 194 799 255 N.
817 196 888 277 169.

112 337 191 385 erat.
235 302 339 379 claves
359 330 523 399 portarum
545 312 780 399 custodiamque
802 337 968 375 murorum
990 313 1062 374 su'ae
1076 335 1131 374 ex·

112 407 234 491 templo
255 401 413 488 potestatis
432 399 525 463 fecit:
553 400 760 464 Diuerchum
775 398 968 484 Aetolosque
989 423 1065 461 cum
1086 400 1132 479 ju·

35 546 40 565 ,
112 496 245 557 iventute
268 490 454 553 Stratioru'tn
471 490 507 551 in
524 510 630 549 arcem
652 512 711 572 per
726 486 874 573 praesidii
884 486 1029 571 'speciem
1047 492 1132 547 amo-

114 584 169 644 vit.
214 576 360 653 Perseus,
394 578 433 635 ab
449 577 695 639 imminentibus
711 576 866 659 superiori
882 578 966 660 parti
981 576 1075 635 urbis'
1085 590 1131 635 tu·

114 668 209 731 inulis
229 664 358 726 tentatis
381 663 562 747 colloquiis,
595 685 667 724 cum
682 664 851 727 obstinatos
867 681 959 746 atque
976 662 1074 735 etiam
1089 677 1132 745 ¹te·-

114 758 153 819 lis
174 752 284 836 procul
310 766 455 811 arcentes
476 748 617 828 videret,
641 754 782 835 quinque
802 751 904 814 millia
922 750 1069 835 passuum
1090 748 1130 807 ab

113 844 198 921 urbe·
216 855 305 901 trans
321 838 491 898 Petittlrum
513 858 645 899 amnem
665 838 768 923 posuit
781 836 889 901 castra.
936 839 988 901 Ibi
999 834 1129 899 consilio

114 928 282 1000 advocato,
325 946 399 983 cum
420 921 634 987 Archidamus
655 925 921 1008 Epirotarumque
948 922 1131 1006 transfugae

114 1016 313 1087 retinerent,
337 1005 550 1072 Macedonum
566 1013 729 1097 principes
744 1034 816 1073 non
829 1011 1045 1097 pugnandum
1060 1016 1133 1070 cum

115 1099 230 1165 infesto
252 1117 396 1180 ternpore
413 1098 496 1160 anni
510 1098 697 1176 censerent,
719 1101 818 1163 nullis
834 1099 1031 1183 praeparatis
1048 1118 1131 1157 com-

113 1189 287 1261 iueatibus3
315 1207 388 1244 cum
409 1186 554 1267 inopiam
572 1186 660 1268 ptius
674 1185 871 1263 obsidentes,
897 1207 993 1268 quam
1010 1180 1132 1258 obsessi,

115 1275 236 1337 sensuri
253 1272 371 1347 essent,
401 1273 542 1333 maxime
556 1270 643 1355 quod
661 1274 798 1345 hostium
816 1272 904 1333 haud
918 1272 1031 1355 procul
1052 1268 1134 1331 inde

113 1364 253 1427 hiberna
280 1374 392 1437 erant3
436 1360 563 1421 territus
590 1360 627 1420 in
648 1358 860 1445 Aperantiam
891 1359 990 1420 eastra
1021 1358 1131 1419 movit.

113 1446 286 1531 Aperantii
301 1444 393 1522 eum,
414 1462 546 1532 propter
560 1442 752 1511 Archidami
764 1441 912 1531 magnam
927 1446 971 1527 in
981 1467 1020 1506 ea
1033 1459 1133 1528 genta

114 1530 247 1619 gratiam
268 1533 565 1616 auctoritatemque,
587 1530 744 1597 consensu
757 1535 904 1616 omnium
925 1554 998 1593 acce
1023 1548 1131 1593 erunt.

114 1625 142 1685 is
175 1620 242 1705 ipse
272 1640 346 1679 cum
367 1621 629 1707 octingentorum
656 1620 796 1697 militum
821 1618 982 1705 praesidio
1033 1620 1062 1681 's
1087 1616 1132 1681 est

113 1706 318 1794 praepositus.
563 1729 567 1735 ·

157 1884 163 1909 ¹
192 1880 306 1941 XXIII.
335 1879 409 1941 Rex
419 1900 496 1941 cum
509 1880 637 1944 minore
652 1872 823 1945 vexatione
832 1881 1061 1963 'jumentorum
1073 1876 1130 1949 ho-

72 1975 76 1982 '
112 1968 319 2049 mitiumque,
342 1988 437 2049 quam
453 1985 605 2044 venerat,
627 1969 666 2031 in
676 1967 901 2034 Macedoniam
915 1967 1022 2029 rediit.
1065 1963 1140 2049 Ap·-

115 2057 206 2140 pium
233 2071 345 2115 tamen
373 2056 413 2114 ab
431 2053 606 2115 obsidione
635 2056 787 2117 Phanotis
813 2052 900 2131 sama
923 2053 1068 2117 ducentis
1087 2048 1130 2113 atl

115 2142 253 2205 Stratum
278 2139 382 2201 Persei
402 2139 567 2203 submovit.
617 2142 746 2220 Cleuas,
768 2164 840 2202 cum
862 2140 1016 2224 praesidio
1036 2138 1127 2221 impi-

113 2228 245 2313 grorum
270 2228 424 2311 juvenum
443 2227 618 2305 insecutus,
650 2228 706 2289 sub
730 2225 887 2289 radicibus
905 2228 1008 2312 prope
1031 2224 1126 2295 inviis

113 2318 273 2377 montium
296 2312 337 2373 ad
355 2316 444 2376 mille
463 2314 633 2377 hominum
656 2337 696 2377 ex
723 2316 851 2398 agmine
872 2314 1027 2398 impedito
1050 2310 1128 2372 occi·

115 2402 179 2477 dit,
215 2401 256 2461 ad
279 2399 434 2463 ducentos
458 2402 550 2485 cepit.
604 2401 745 2487 Appius,
787 2403 939 2484 superatis
961 2400 1126 2483 angustiiS,

112 2490 151 2550 in
165 2508 294 2571 eampo,
324 2509 419 2569 quem
434 2488 578 2549 Elaeoua
592 2507 725 2565 vocant,
752 2484 862 2550 stativa
875 2488 1002 2548 dierum
1016 2506 1126 2571 pauco·

112 2596 186 2634 rutn
202 2574 323 2634 habuit.
368 2576 505 2635 Interim
522 2577 653 2653 Cleuas,
680 2575 813 2637 assumto
835 2574 1040 2649 Philostrato,
1076 2570 1127 2655 qui

111 2659 317 2741 Epirotarum
334 2660 468 2742 'gentem
491 2663 644 2739 habebat,
680 2663 718 2723 in
729 2662 851 2745 Agrum
871 2658 1127 2745 Antigonensem

112 2744 337 2807 transscendit.
382 2747 575 2809 Macedones
598 2746 640 2808 ad
662 2746 745 2833 depo
770 2750 944 2810 ulationem
970 2746 1124 2831 prosecti;

112 2832 315 2895 Philostratus
330 2854 400 2892 cum
418 2832 546 2895 cohorte
562 2833 667 2896 suain
681 2774 803 2897 insistis
818 2837 888 2897 loco
905 2833 1037 2895 obscuro
1052 2850 1126 2892 eon·

111 2918 200 2981 sedit.
246 2919 283 2979 in
302 2920 422 3001 palatos
436 2922 639 3004 populatores
660 2944 733 2982 etun
750 2922 926 3005 erupissent
941 2924 980 2982 ab
994 2918 1126 3003 Antigo·
1165 2954 1167 2968 ι

111 3006 175 3066 nea
189 3007 319 3080 armati,
335 3004 492 3088 fugientes
507 3028 560 3067 eos
575 3000 802 3092 persequentes
816 3006 942 3069 effusius
959 3008 995 3069 in
1011 3006 1127 3068 sallem

111 3093 262 3155 insessam
285 3096 324 3151 ab
344 3092 483 3153 hostibus
505 3094 725 3177 praecipitant.
770 3096 815 3157 ibi
836 3094 879 3157 ad
900 3095 998 3155 mille
1012 3090 1127 3167 occisis,
1164 3145 1167 3151 .

109 3196 242 3240 eentum
266 3177 368 3240 ferme
391 3181 506 3263 captis,
529 3180 646 3263 ubique
666 3180 818 3265 prospere
839 3182 996 3266 gestare,
1027 3186 1127 3263 p'rope

113 3260 220 3327 stativa
231 3262 330 3349 Appii
345 3266 445 3327 castra
459 3290 511 3327 mo
517 3284 609 3343 tent,
631 3288 676 3329 ne
689 3290 751 3350 qua
768 3270 813 3331 vis
828 3268 917 3331 suciis
934 3266 996 3330 suis
1011 3270 1051 3325 ab
1067 3260 1129 3326 lst-

94 3370 210 3410 .mano
232 3354 373 3413 exercitu
396 3352 513 3435 inferri
531 3353 632 3438 possit.
676 3352 817 3438 Appius,
849 3353 1070 3438 nequidquam
1093 3352 1129 3413 in

112 3436 161 3497 his
177 3437 254 3496 locis
268 3452 376 3500 terens
394 3457 533 3525 tempus,
552 3438 960 3527 dimissisChaonumque,
990 3457 1022 3500 et
1036 3439 1061 3501 st
1077 3436 1130 3521 qui
1158 3476 1161 3481 -

112 3524 167 3585 alii
179 3521 331 3603 Epirotae
353 3544 465 3605 eraut,
487 3524 666 3610 praesidiiS,
699 3551 772 3591 cum
790 3521 907 3609 Italicis
923 3527 1080 3589 militibus·
1095 3526 1131 3586 in

112 3608 278 3693 illyricum
292 3609 462 3694 regressus,
490 3636 551 3697 per
566 3614 792 3678 Parthinorum
807 3616 911 3692 socias
922 3616 1017 3674 urbes
1031 3614 1072 3674 in
1084 3611 1131 3675 hi·

104 3700 210 3787 berna
224 3695 380 3767 militibus
395 3698 614 3789 dbttilsis,ipse
621 3701 759 3784 Roriam
766 3698 1131 3848 sanificiicausa'regiit.

104 3798 120 3803 ..
638 3802 641 3808 ,
888 3796 900 3803 ,,
975 3792 978 3799 .
1086 3794 1135 3848 εὔ.
