2354 4140
287 111 449 175 traua
466 113 623 191 xxxvn.
669 117 754 177 oar.
770 112 909 181 xtxu
1040 132 1105 199 273

302 201 346 208 ....
354 180 899 219 ..u-——al———n—-n-n·
907 198 1105 227 -n—-d

87 188 333 279 *uffe-
357 220 430 290 562.
537 240 540 245 ·
713 244 739 282 a.
763 227 796 283 C.
815 226 857 285 N.
881 244 952 305 190.
1011 228 1034 311 ι’

76 339 234 414 navibus,
264 340 378 421 quibus
395 354 429 398 ut
446 336 552 399 essent
566 339 741 423 praesidio,
765 346 959 427 veniebant,
990 334 1103 409 obviae

75 424 272 508 fugientibus
297 424 444 500 fuissent,
474 426 514 487 in
530 429 778 508 Hellespontum
794 429 835 489 ad
847 432 1013 495 Romanos
1031 455 1101 497 cur·

74 512 146 580 sum
171 526 369 575 averterunt.
419 513 484 573 Sub
505 510 594 575 idem
617 531 742 597 tempus
766 517 915 579 Seleucus
940 521 1101 603 proditam
1139 526 1143 535 '

75 601 269 676 Phocaeam,
300 616 392 683 porta
412 600 480 658 una
501 622 561 682 per
575 599 719 673 custodes
741 620 870 684 aperta,
898 610 1037 690 recepit3
1067 626 1101 671 et

75 686 178 767 Cyme
200 689 344 771 aliaeque
368 684 512 770 ejusdem
533 709 609 750 orae
630 689 726 749 urbes
746 688 788 749 ad
811 712 885 753 eum
908 710 996 756 metu
1012 692 1097 757 dese-

73 789 200 837 cerunt.

161 950 233 1011 XII.
260 948 353 1011 Dum
369 947 449 1011 haee
464 946 654 1019 imAeolide
670 968 842 1033 geruntur,
872 950 1008 1035 Abydus
1024 976 1098 1019 cum
1117 972 1122 983 ·

72 1056 132 1121 per
147 1038 266 1119 aliquot
282 1036 350 1099 dies
364 1034 562 1097 obsidionem
579 1036 753 1114 tolerasset,
777 1038 932 1122 praesidio
947 1044 1034 1125 regio
1048 1060 1095 1107 tu.

72 1140 164 1185 tante
180 1125 327 1200 moenia,
347 1124 412 1207 jam
426 1125 575 1184 omnibus
590 1122 691 1198 sestis,
721 1126 843 1187 Philota
859 1136 985 1210 quoque
1002 1152 1093 1211 prae-

71 1208 158 1272 secto
172 1210 322 1293 praesidii
335 1213 560 1293 permittente,
576 1210 772 1293 magistratus
789 1234 899 1274 eorum
914 1236 987 1275 cum
1004 1218 1093 1279 Livio

11 1362 18 1377 ,
73 1296 115 1359 de
132 1296 371 1359 conditionibus
386 1297 564 1359 tradendae
578 1299 666 1359 urbis
680 1302 826 1381 agebant.
871 1322 942 1361 rem
960 1300 1091 1364 distine-

11 1412 13 1419 ·
71 1388 147 1463 bat,
186 1384 289 1468 quod,
312 1402 420 1445 utrum
441 1386 573 1462 armati,
615 1406 659 1443 an
681 1387 841 1463 inermeS,
866 1389 1092 1451 emitterentur

11 1466 18 1475 ’
63 1492 88 1532 -r
129 1475 167 1548 'i,
187 1494 303 1556 parum
317 1473 542 1535 conveniebat.
578 1472 666 1533 Haec
677 1475 844 1553 agentibus
861 1496 931 1536 cum
947 1477 1088 1537 interve-

69 1494 169 1623 ttiffet
185 1561 320 1621 nuntius
334 1554 537 1620 Rhodiorum
551 1558 667 1634 cladis,
691 1558 802 1619 emissa
815 1559 856 1621 de
870 1564 1020 1625 titanibus
1037 1584 1090 1623 res

68 1646 122 1707 est.
167 1664 315 1707 metuens
332 1648 421 1707 enim
433 1648 556 1721 Livius,
586 1666 631 1704 ne
645 1644 784 1705 successu
797 1662 904 1708 tantae
925 1651 974 1711 rei
988 1652 1090 1711 elatus

68 1732 281 1814 Polyxenidas
303 1731 447 1806 classem,
480 1753 562 1813 quae
584 1730 626 1791 ad
642 1733 747 1791 Canas
765 1749 850 1808 erat,
879 1737 1087 1819 opprimeret,

65 1818 179 1899 Abydi
208 1816 373 1878 obsidione
403 1815 604 1898 ctdtodiaque
627 1818 831 1898 Hellesponti
856 1824 1017 1905 extemplo
1039 1844 1087 1883 re-

15 1936 24 1943 ·
64 1906 160 1980 licta,
183 1924 301 1978 naves,
324 1924 403 1985 quae
419 1902 590 1963 subductae
607 1902 703 1961 Canis
718 1919 827 1979 erant,
858 1904 1000 1983 deduxit.
1044 1908 1088 1969 Et

10 2001 16 2067 ζ
64 1992 232 2053 Eumenes
247 1990 378 2053 Elaeam
391 1990 492 2052 venit.
537 1989 645 2049 Livius
659 1990 751 2049 omni
765 1987 877 2059 classe,
907 1995 960 2053 cui
975 1991 1086 2075 adjun-

10 2152 21 2166 ᾖ
65 2094 160 2140 xerat
173 2078 320 2139 triremes
338 2076 416 2137 duas
434 2077 664 2156 Mitylenaeas,
686 2075 862 2140 Phocaeam
879 2078 969 2161 petit.
991 2100 1088 2160 quam

64 2188 140 2227 cum
153 2166 260 2226 teneri
272 2164 379 2226 valido
395 2165 482 2246 regio
498 2160 655 2245 praesidio
669 2160 813 2239 audisset,
827 2182 890 2223 nec
904 2166 1015 2249 procul
1034 2164 1085 2225 Se-

14 2244 26 2255 ”
61 2253 147 2315 leuci
161 2251 262 2313 castra
275 2250 352 2328 'esse3
368 2250 576 2334 depopulatus
593 2250 788 2309 maritimam
802 2270 905 2328 oram,
919 2260 952 2311 e't
966 2250 1096 2333 praeda'

60 2343 204 2403 maxime
219 2340 390 2401 hominum
403 2338 522 2422 raptim
534 2338 573 2399 in
585 2356 684 2397 naves
700 2335 860 2419 imposita,
876 2354 1001 2399 tantum
1016 2361 1083 2401 mo.

59 2446 169 2502 ratus,
195 2424 273 2486 dum
290 2426 453 2486 Eumenes
476 2446 549 2489 cum
570 2422 666 2483 classe
688 2422 922 2506 assequeretur,
952 2427 1083 2491 Samum

57 2532 175 2601 petere
196 2512 349 2573 intendit.
393 2510 533 2575 Rhodiis
550 2512 657 2594 primo
678 2511 785 2571 audita
798 2512 905 2575 clades
920 2512 1008 2573 sunu]
1025 2536 1080 2599 pa·

57 2622 201 2677 vorem,
215 2600 306 2661 simul
319 2601 439 2661 luctum
451 2599 619 2681 ingentem
633 2595 719 2659 fecit.
762 2620 859 2676 nam,
881 2618 1008 2684 praeter
1023 2622 1079 2661 na-

13 2712 18 2717 ·
57 2692 151 2754 vium
174 2688 377 2770 militumque
400 2688 572 2771 jacturam,
606 2684 693 2767 quod
713 2685 817 2764 floris,
846 2688 931 2770 quod
952 2688 1079 2751 roboris
1102 2702 1107 2711 “

54 2778 280 2857 injuventute
298 2772 419 2851 fuerat,
450 2771 639 2847 amiserant;
665 2774 773 2834 multis
788 2776 950 2836 nobilibus
965 2776 1079 2835 secutis

54 2865 150 2925 inter
168 2879 274 2923 cetera
287 2864 504 2925 auctoritatem
519 2858 708 2934 Pausistrati,
731 2883 811 2941 quae
825 2863 912 2921 inter
926 2860 998 2921 suos
1011 2858 1087 2921 me·'

9 2948 11 2955 ’
54 2952 125 3013 rito
141 2951 279 3011 maxima
300 2966 377 3010 erat.
423 2945 561 3035 deinde,
591 2945 678 3029 quod
691 2946 805 3007 fraude
825 2947 925 3029 capti,
955 2948 1078 3028 quoda

55 3038 132 3097 eive
145 3035 336 3118 potissimum
357 3036 413 3096 suo
428 3033 553 3110 sorent,
583 3034 621 3097 iu
640 3035 726 3095 iram
747 3036 848 3094 luctus
862 3033 965 3095 vertit.
1009 3032 1076 3093 De-

53 3142 133 3185 ‹tem
148 3126 306 3207 extemplo
320 3144 436 3198 nates,
464 3138 495 3183 et
509 3119 623 3181 diebus
644 3118 714 3202 post
736 3120 843 3201 paucis
860 3118 973 3178 decem
988 3120 1075 3203 alias,

23 3206 221 3297 ⁸praesecto
235 3213 381 3271 omnium
397 3207 560 3283 Eudamo,
591 3205 763 3266 miserunt:
792 3226 904 3291 quem,
927 3206 996 3267 aliis
1012 3207 1075 3267 vir·

52 3298 177 3359 tutibus
198 3294 319 3361 bellic'u
340 3296 588 3379 haudquaquam
602 3290 782 3352 Pausistrato
798 3314 929 3375 parem,
960 3294 1082 3353 cautio·

49 3404 146 3461 rem,
163 3404 228 3467 quo
239 3386 350 3445 minus
367 3385 475 3445 animia
483 3396 571 3457 erat,
595 3376 711 3439 ducem
727 3377 870 3438 futurum
887 3378 1073 3439 credebant.

40 3470 200 3534 Romam
213 3488 245 3533 et
258 3470 422 3533 Eumenes
435 3490 495 3529 rex
509 3469 547 3528 in
558 3467 773 3547 Erythraeam
788 3466 929 3549 primum
944 3465 1075 3545 classem
1112 3524 1116 3529 .

47 3558 290 3643 applicuerunt.
331 3559 378 3618 ibi
407 3572 538 3621 noctem
567 3573 668 3611 unam
694 3555 826 3627 morati,
860 3552 985 3639 postero
1017 3551 1080 3633 die·

8 3652 13 3681 '
46 3644 381 3727 CorycumTejorum
396 3640 653 3727 promontorium
674 3654 859 3701 tenuerunt
903 3640 981 3701 inde
995 3632 1073 3697 cum

8 3750 29 3785 t·
44 3730 89 3795 in
127 3733 253 3793 roxima
259 3730 382 3803 Samiae
392 3732 519 3815 mellent
533 3726 698 3817 trtiJ'icere,
718 3748 796 3801 non
810 3728 998 3817 23·ququ
1007 3722 1107 3797 iosus

85 3858 90 3867 ·
118 3818 240 3911 ababa?
256 3814 413 3887 Tendit.
678 3814 700 3885 S
725 3826 728 3831 '
813 3820 826 3829 “
1016 3823 1123 3881 om·
