2354 4140
283 104 439 179 LIBER
461 104 557 167 xm.
601 106 903 169 ctr.xv1.xvn
1035 116 1097 185 521

166 210 175 219 '
319 212 360 277 U.
384 212 419 272 C.
441 218 516 283 580.
633 234 661 272 a.
683 213 717 272 C.
740 212 782 273 N.
807 230 876 289 17²·

73 352 78 357 ·
174 331 260 393 xvl.
274 334 454 409 Latrones,
470 354 548 409 cum
571 333 661 393 brevi
685 334 853 393 circumitu
872 336 1028 395 maceriae
1049 332 1102 397 de·

61 472 81 493 ,.
90 436 226 491 ωπετε
239 414 281 479 ad
294 418 529 481 conficiendum
547 419 687 481 saucium
697 418 842 503 possent,
860 422 948 481 velut
961 418 1103 505 perfecta

72 520 150 586 re,
183 504 223 565 in
250 503 358 588 jugum
381 506 509 583 Parnasi
531 504 720 591 refugerunt
744 528 783 567 eo
802 506 911 581 cursu,
945 524 997 583 ut,
1028 530 1103 567 cum

91 610 179 651 nnus
192 612 264 651 non
284 590 378 654 facile
392 592 555 676 sequendo
568 616 628 676 per
642 594 732 655 invia
743 610 837 675 atque
850 592 950 663 ardua
963 604 1102 655 morare-

93 688 150 735 tur
159 673 265 761 fugent
279 700 407 755 eorum,
428 692 474 741 ne
485 678 673 763 comprenso
686 679 843 743 indicium
855 698 1029 755 emanaret,
1052 702 1101 740 oc-

88 760 236 845 ciderint
249 767 409 829 comitem.
437 765 491 829 Ad
505 788 619 850 corpus
633 768 715 851 regis
731 768 836 851 primo
850 768 960 843 amici,
982 764 1103 827 deiude

90 848 243 917 satellites
262 874 300 914 ac
319 852 402 917 servi
423 870 676 929 concurrerunt,
714 856 862 915 tollentes
879 854 1016 937 sopitum
1037 854 1103 913 vul·

92 956 229 1013 nere-ec
241 938 324 1003 nihil
340 940 544 1003 sentientem.
573 943 689 1001 Vivere
703 958 814 1001 tamon
826 962 868 1002 ex
879 942 983 1001 calore
996 956 1029 1000 et
1043 937 1102 1021 spi-

92 1024 159 1085 ritu
181 1043 375 1089 remanente
397 1029 436 1089 in
454 1024 649 1112 praecordiis
669 1028 857 1104 senserunt3
877 1029 1031 1091 vicmrum
1049 1046 1101 1086 ex-

92 1110 169 1191 igna
189 1132 227 1173 ac
246 1136 347 1197 prope
370 1116 461 1175 nulla
478 1114 549 1199 spes
569 1131 645 1174 erat.
691 1114 830 1193 Quidam
851 1138 893 1177 ex
909 1113 1101 1185 satellitibus,
1144 1122 1151 1137 “·

92 1194 193 1259 secuti
212 1200 376 1261 latronum
400 1201 543 1286 vestigia,
569 1223 642 1261 cum
662 1224 760 1284 usque
781 1200 822 1263 ad
841 1203 949 1285 jugum
966 1196 1101 1271 Parnasi,

94 1283 314 1367 sseqttidqtnm
334 1284 470 1371 fatigati,
533 1286 721 1367 rvenissent,
741 1312 777 1351 re
792 1287 911 1351 insecta
926 1286 1101 1349 redierunt.

93 1368 239 1453 Aggrelii
256 1371 382 1435 sacinus'
393 1310 604 1451 Macedoenea
622 1392 657 1435 ut
672 1376 869 1451 inconsulte,
890 1376 936 1439 ita
956 1372 1103 1435 audacter

85 1474 263 1541 coaptum,
287 1482 351 1521 neo
370 1460 511 1524 'consulte
534 1479 566 1525 et
588 1462 699 1523 timide
720 1465 929 1545 reliquerunt.
971 1464 1102 1543 Compo-

94 1556 164 1605 tem
177 1544 243 1627 jam
256 1544 303 1608 sui
316 1568 424 1630 regem
437 1550 530 1613 amici
544 1546 668 1633 postero
682 1548 734 1609 die
752 1546 903 1610 deferunt
917 1546 957 1607 ad
971 1563 1101 1607 navem:

95 1628 179 1693 inde
194 1632 401 1697 Corinthum:
424 1658 444 1697 a
459 1632 634 1711 Corintho‚'
653 1658 712 1719 per
727 1636 835 1697 Isthmi
851 1636 957 1716 jugum
971 1634 1105 1695 navibus

96 1716 271 1797 mductie,
295 1720 453 1805 Aeginam
467 1724 636 1807 trajiciunt.
682 1724 731 1783 Ibi
747 1722 826 1782 adeo
840 1722 959 1781 secreta
973 1721 1039 1803 ejus
1053 1738 1104 1777 cu-

98 1804 183 1891 ratio
200 1804 280 1899 fuit,
309 1807 550 1873 admittentibus
571 1811 756 1885 neminem,
782 1826 818 1871 ut
837 1807 923 1867 fama
944 1823 1105 1868 mortuum

100 1874 260 1959 inAfiflm
273 1892 441 1979 perferret.
472 1886 604 1959 *Attalus
628 1917 752 1979 quoque
773 1896 923 1968 celerius,
945 1916 1041 1977 quam
1060 1890 1106 1953 di·

99 1996 203 2063 gnam
220 1982 395 2051 concordia
414 1983 560 2047 fraterna
580 2000 665 2061 erat,
687 1981 832 2043 credidit.
882 2002 959 2041 nam
983 1997 1013 2041 et
1032 1998 1106 2039 cum

99 2084 203 2133 Um
221 2061 346 2147 fratris,
372 2086 404 2131 et
427 2070 588 2155 praesecto
602 2072 685 2149 arci,
706 2086 859 2153 tanquam
872 2068 936 2152 jam
949 2064 1036 2128 haud
1051 2064 1106 2125 du·

60 2152 63 2157 ⁸
87 2154 175 2233 ,bine
193 2157 288 2240 regni
309 2156 436 2235 haeres,
457 2158 502 2219 est
514 2159 647 2219 locutus.
691 2160 781 2236 Quae
799 2152 904 2239 'postea
926 2176 997 2215 non
1017 2149 1105 2212 sesel-

96 2240 171 2306 lm
185 2240 385 2305 Eumenem:
406 2261 454 2321 et,
484 2266 664 2329 quanquam
680 2242 874 2320 diffunuiere
896 2258 927 2303 et
946 2241 1039 2301 tacite
1052 2236 1106 2297 ha·

95 2328 183 2394 bere
199 2328 237 2393 id
255 2331 396 2414 patique·
412 2330 576 2409 statuerat,
610 2328 721 2391 tamen
748 2331 787 2391 in
811 2334 916 2413 primo
942 2322 1106 2409 congressu

77 2416 81 2422 ’
99 2433 177 2481 non
191 2418 396 2501 temperavit,
417 2420 497 2501 quin
511 2418 619 2481 uxoris
632 2414 791 2502 petendae
812 2432 1045 2501 praematuram
1064 2408 1107 2473 se·

71 2570 75 2577 ,
99 2500 310 2571 Manem
326 2502 420 2567 freni
437 2506 596 2587 objiceret.
640 2506 778 2567 Romam
805 2524 929 2589 quoque
952 2500 1039 2563 sama
1067 2496 1108 2559 de

66 2632 69 2637 ·
95 2604 209 2676 Um
222 2590 377 2657 Eumeni
395 2594 518 2677 perlate
532 2590 585 2653 est.
919 2588 922 2595 ’

93 2769 153 2825 ui..
188 2764 291 2829 xvn.
305 2766 378 2830 sut»
387 2763 476 2827 idem
490 2756 615 2849 tempus
628 2767 663 2827 C.
678 2765 824 2827 Valerius
839 2786 880 2826 ex
895 2761 1040 2833 Graecia,
1056 2757 1110 2841 qni

101 2844 225 2935 ligatus
238 2850 282 2914 ad
303 2850 472 2915 visendum
484 2850 598 2913 stannn
617 2853 755 2935 regionis
772 2853 839 2932 ejus
857 2844 1110 2933 speculandaque

97 2934 238 3013 Mmia
250 2937 353 3001 Persei
369 2940 450 3023 regia
464 2938 573 3003 missus
588 2954 672 3015 erat,
699 2937 813 3009 rediit·,
840 2932 1110 3016 congruentiaque

97 3025 420 3097 ωιὶιβῐὶηιίῐιίὴιιε,
433 3029 473 3087 ab
488 3026 635 3093 Eumene
648 3026 748 3085 allatis
763 3023 932 3084 referebat.
975 3016 1065 3077 simul
1081 3029 1111 3074 et

79 3108 402 3195 ,edduxeratsecum
415 3114 517 3175 Praxo
536 3134 555 3173 a
568 3112 726 3193 Delphin,
744 3111 831 3191 cujus
847 3108 959 3171 domus
972 3118 1111 3185 recepta·

75 3200 216 3265 :mlum
229 3200 413 3261 latronunm
426 3197 547 3275 suerat,
570 3216 603 3260 et
614 3202 652 3261 L.
667 3198 851 3259 Rammium
870 3190 1111 3263 Brundisinum

63 3284 163 3371 qni
179 3284 251 3347 talia
271 3286 384 3349 indicii
407 3284 530 3347 delator
552 3302 629 3347 erat.
673 3286 827 3366 Princeps
840 3277 1001 3341 Brundisii
1016 3278 1112 3339 Ram·

93 3395 99 3424 <
218 3368 297 3449 fuit3
330 3360 467 3455 hospitio
486 3393 612 3461 quoqne
634 3386 666 3431 et
685 3370 781 3445 tluces
802 3372 967 3429 Romanos
989 3383 1113 3442 omnes,

77 3372 460 3543 -4ztfltee‘rtermtm
475 3480 599 3543 quoque
611 3459 757 3543 gentium
769 3455 920 3541 insignes,
943 3454 1113 3539 praecipue

55 3610 58 3617 .
98 3546 233 3631 uiue,
254 3545 444 3629 accipiebat.
470 3566 512 3607 ex
527 3568 566 3607 eo
587 3540 702 3607 notitia
717 3544 748 3605 ei
761 3566 835 3605 cum
856 3542 984 3605 absente
1004 3536 1115 3601 Perseo

92 3627 233 3705 :hutz
248 3634 431 3715 ..lucrisque
445 3630 535 3715 spem
555 3633 710 3695 amicitiae
730 3631 893 3694 immori.
917 3644 1114 3712 magnaque

97 3717 569 3813 ffldmmfwiwfibvfi
578 3720 621 3791 ed
635 3740 745 3892 ηῦξέιέὶ
760 3713 1130 3819 prnieotnnineix'pet:

625 3814 662 3881 K
1052 3792 1155 3854 iamt·
