2354 4140
113 352 225 441 'nisset
256 352 551 419 Consulilius‘binae
566 355 705 437 legiones
723 355 883 432 decretae,
906 373 937 419 et
950 360 1121 439 utilellum
1149 352 1160 365 ’

118 446 193 503 eum
205 441 308 503 Gallis
317 443 498 526 Cisalpinis,
523 441 577 523 qui
592 441 780 503 defecissent
796 444 947 526 apopulo
957 446 1116 522 Romano,
1134 506 1137 510 ,

93 524 95 529 ’
119 544 276 607 gererent.
311 529 469 610 Quinctio
488 529 525 589 in
546 526 766 589 Macedoniam
789 529 1043 612 supplementum
1065 530 1119 593 do·

119 624 258 691 cretum,
286 615 430 699 pediturn
449 615 591 697 quinque
611 614 710 675 millia
731 631 762 676 et
777 617 911 677 trecenti
927 618 1066 701 equites,
1086 634 1122 680 et

118 703 271 765 [ociorum
290 703 449 764 navalium
466 701 525 760 tria
544 696 651 763 millia.
696 701 833 764 praeesse
847 703 943 779 idem,
967 704 1022 784 qui
1031 726 1139 787 prae·-

119 806 204 875 arpt,
232 787 318 848 classi
346 792 379 848 L.
410 788 579 866 Quinctius
602 788 801 850 Flamininus
822 788 926 872 jussus.
968 790 1122 851 Praetori·

116 880 177 965 pus
198 875 237 935 in
251 874 420 958 Hispanias
435 889 549 947 octona
561 873 662 934 millia
677 874 819 956 peditum
832 874 947 935 socium
962 897 998 937 ac
1012 877 1119 939 Latini
1170 950 1174 957 ¹

91 966 98 977 ’
118 960 261 1026 nominis
285 962 373 1035 data,
404 976 436 1021 et
457 956 841 1042 quadringenti'equites,
864 978 898 1020 ut
920 962 1119 1025 dimitterent

118 1046 257 1123 veterem
279 1068 320 1108 etr
342 1046 504 1129 Hispaniis
524 1046 685 1123 millitemt
714 1064 746 1108 et
766 1042 937 1115 terminate
951 1047 1036 1131 jussi,
1054 1066 1117 1131 qua

118 1137 252 1198 ulterior
287 1133 453 1195 citeriorve
490 1132 655 1217 provincia
683 1133 867 1197 servaretur.
910 1132 1115 1197 Macedoniae

117 1225 235 1285 levatos
258 1224 287 1281 P.
309 1219 481 1302 Sulpicium
502 1234 533 1279 et
560 1218 590 1278 Ρ.
615 1220 772 1299 Villium,
796 1222 850 1304 qui
866 1220 1011 1283 consulas
1024 1221 1063 1283 in
1076 1243 1114 1294 aa

118 1272 285 1394 prbsincia
306 1305 450 1381 fuerant,
471 1304 666 1388 adjecerunt.

225 1480 336 1548 XXIX.
360 1477 543 1563 i’riusquam
559 1472 701 1540 consules
715 1494 875 1562 praetores
896 1478 981 1540 uein
989 1480 1120 1562 provin·

119 1573 183 1636 cias
204 1558 491 1651 proficiscerentur,
519 1563 661 1648 prodigia
684 1565 849 1647 procurari
865 1500 997 1647 diacuitt
1031 1565 1118 1647 quod

119 1656 212 1720 aedes
234 1652 371 1714 Vulcani
391 1650 616 1731 Summanique
639 1651 774 1726 Rornae,
803 1668 835 1710 et
857 1650 942 1731 quod
964 1653 1116 1733 Fregellis

117 1762 227 1808 murus
247 1742 279 1800 ct'
300 1753 391 1821 porta
411 1737 452 1799 de
473 1739 560 1796 coelo
575 1753 655 1797 tacta
668 1754 776 1798 erant:
800 1754 830 1797 et
843 1736 1016 1799 Frusinone
1030 1739 1119 1798 inter
1157 1733 1164 1781 ¹,

118 1845 246 1892 noctem
267 1827 323 1885 lus:
342 1840 427 1885 orta:
455 1839 487 1883 et
508 1820 621 1883 Asculo
645 1844 745 1905 agnus
762 1824 870 1906 biceps
886 1845 957 1905 cum
975 1824 1118 1903 quinquo

116 1915 251 2001 pedibus
273 1927 382 1971 natus:
408 1925 441 1970 et
461 1909 593 1971 Formiis
617 1909 679 1970 duo
701 1911 787 1993 lupi,
815 1908 967 1992 oppidum
979 1907 1121 1990 ingressi,
1146 1989 1148 1992 Α

118 2001 225 2067 obvios
241 1988 359 2078 aliquot
374 1997 590 2057 laniaverant:
604 1998 727 2074 ¹Romae
741 2017 812 2056 non
827 1997 866 2057 in
881 1999 991 2056 urbem
1007 1995 1117 2073 solum,
1169 2052 1172 2057 .

117 2088 174 2149 sed
194 2087 231 2146 in
245 2084 431 2169 Capitolium
452 2095 672 2165 penetraverat
685 2086 786 2166 lupus.
832 2085 866 2143 C.
884 2080 1003 2142 Acilius
1020 2083 1118 2143 tribu·
1146 2106 1161 2151 ¹.-

23 2178 26 2183 ⁴
53 2194 55 2199 ’
118 2195 179 2236 nus
195 2170 296 2259 plebis
312 2170 394 2245 tulit,
413 2186 449 2228 ut
463 2169 603 2249 quinque
615 2171 759 2229 coloniae
772 2168 810 2228 in
826 2190 913 2230 oram
925 2158 1118 2230 maritimam

29 2318 33 2329 ,
118 2260 369 2323 deducerentur:
392 2255 471 2317 duae
486 2254 527 2314 ad
542 2254 619 2313 ostia
634 2248 967 2315 fluminumvutturni
981 2255 1116 2316 Literni·

119 2367 196 2430 que:
218 2363 284 2404 uua
306 2341 461 2401 Puteolos:
493 2360 557 2399 una
582 2340 622 2399 ad
645 2339 779 2400 castrum
802 2340 934 2401 Salerni.
978 2341 1117 2402 His-'Bu-

118 2447 251 2494 xentum
276 2427 443 2511 adjectum.
463 2439 609 2485 trecenae
623 2424 759 2503 familiae
776 2428 812 2486 in
828 2425 962 2508 singulas
976 2426 1120 2507 colonias

118 2518 310 2602 jubebantur
335 2511 427 2572 mitti.
471 2512 642 2572 triumviri
656 2513 854 2575 deducendis
883 2513 941 2589 iis,
978 2514 1032 2594 qui
1058 2536 1119 2595 per

118 2602 299 2666 triennium
319 2596 722 2680 magistratumhaberent,
752 2600 868 2676 creaiti,
897 2601 949 2662 bl..
965 2594 1117 2662 Seruilius

120 2687 296 2761 Geminus,
327 2685 367 2762 Q
382 2684 540 2746 Minucius
555 2686 723 2761 Thermus,
745 2688 794 2747 Ti.
811 2684 1016 2768 Sempronius
1034 2688 1122 2747 Lon··

119 2796 186 2865 gus.
230 2773 367 2834 Delectu
386 2774 542 2852 rebusque
566 2770 636 2832 aliis
655 2771 774 2834 divinis
789 2766 1015 2852 humanisque,
1037 2790 1119 2854 quae

117 2884 177 2951 per
188 2860 271 2946 ipsos
285 2856 407 2941 agenda
420 2874 522 2933 erant,
544 2857 703 2941 persentis,
729 2855 872 2921 consules
888 2860 979 2943 ambe
993 2859 1029 2919 in
1044 2859 1120 2919 Gal·

116 2951 195 3012 iiam
214 2943 357 3031 profecti.
385 2945 551 3005 Cornelius
567 2961 652 3005 recta
665 2945 705 3025 ad
722 2942 870 3006 Insubres
884 2943 951 3019 ria,
983 2946 1121 3026 quitum

118 3037 158 3100 irt
175 3026 270 3095 armis
292 3034 402 3105 eraut,
431 3031 621 3094 Cenomanis
642 3030 801 3108 assumtis,
828 3032 867 3109 Q.
892 3030 1051 3093 Minucius
1077 3030 1116 3095 in

117 3124 211 3187 laeva
230 3116 340 3180 ltaliae
360 3116 402 3178 ad
425 3116 566 3177 inferum
582 3138 669 3199 mare
688 3116 776 3180 flexit
794 3118 873 3194 iter,
904 3118 1119 3199 Genuamque
1155 3122 1158 3127 ’

119 3206 262 3270 exercitu
283 3202 433 3279 abducto,
460 3206 499 3263 ab
523 3202 687 3285 Liguribus
709 3203 796 3266 orsus
817 3203 862 3266 est
881 3205 1009 3265 bellum.
1054 3204 1119 3289 Op·-

118 3293 196 3379 pida
217 3288 400 3355 Clastidium
414 3306 445 3352 et
461 3289 635 3369 Litubium,
657 3300 789 3372 utraque
803 3290 969 3372 Ligurum,
991 3305 1023 3374 et
1035 3286 1121 3355 duae
1173 3334 1176 3341 -

62 3426 65 3441 .
140 3378 224 3441 antis
245 3374 388 3459 ejusdem
408 3375 567 3450 civitates,
598 3376 749 3438 Celeiates
763 3375 1034 3457 Cerdieiatesque,
1053 3376 1121 3439 sese

118 3400 325 3528 dediderunt.
367 3461 409 3524 Et
429 3463 494 3548 jam
514 3461 623 3523 omnia
643 3458 687 3523 eis
711 3461 845 3538 Padum,
873 3479 1000 3549 praeter
1014 3465 1123 3525 Gallo·
1148 3470 1152 3475 '

42 3584 49 3597 =
119 3548 193 3616 ru'm
206 3548 309 3634 Bojos,
327 3548 442 3610 Ilvates
457 3549 616 3632 Ligurum,
630 3546 687 3608 sub
704 3548 826 3611 ditione
838 3563 941 3611 erant.
987 3538 1123 3630 quinde-

98 3638 102 3645 '
119 3640 182 3700 cim
197 3634 325 3721 oppida,
340 3635 507 3698 hominum
519 3632 1025 3717 vigintimittiaesredtoebamur,
1042 3626 1141 3720 quae·

104 3721 144 3783 Ie
157 3721 376 3809 dediderant,
412 3719 498 3789 Inda
510 3718 550 3786 in
561 3738 673 3808 agrum
684 3712 833 3813 Boiorum
844 3719 985 3806 legiones
999 3715 1115 3787 duxit.
1141 3716 1144 3723 ’
