2354 4140
187 351 271 411 XVI.
315 349 356 407 In
378 349 533 429 equitibus
550 342 756 405 recensendis
771 342 863 403 tristis
879 340 1057 402 admodum
1072 363 1119 403 eo·

107 458 180 498 rum
194 452 287 517 atque
306 432 415 515 aspera
430 432 563 493 censura
579 431 655 491 suit:
685 431 791 489 multis
805 450 901 510 equos
915 429 1119 490 ademerunt.

105 527 192 587 inea
207 544 241 581 re
257 542 330 580 curn
345 519 521 601 equestrem
536 517 685 579 ordinem
707 514 935 593 offendissent,
957 516 1121 576 flammam

103 609 246 673 invidiae
261 602 405 689 adjecere
427 605 549 681 edicto,
569 626 631 687 quo
645 602 833 679 edixerunt,
858 603 906 662 Ne
922 606 990 685 quis
1006 622 1119 679 eorum,

103 701 156 778 qui
178 694 217 773 Q
236 691 361 768 Fuluio,
403 693 441 753 A.
465 690 611 767 Postumio
636 689 802 775 censoribus
827 687 942 768 publica
960 689 1119 773 vectigalia

89 800 154 851 ‚aut
167 780 250 841 ultro
266 778 383 839 tributu
400 777 623 859 conduxiffem,
667 778 708 839 ud
727 774 831 851 bastart
845 775 929 857 jsrm
949 776 1113 847 accederet.

89 866 231 963 potiusve
251 882 303 927 aut
321 861 426 946 affinis
449 866 512 947 ejus
526 862 726 925 conductionis
750 862 826 943 effer.
872 864 972 944 Saepe
988 861 1027 923 id
1046 882 1114 943 que·

100 952 207 1015 rendo
222 968 344 1014 veteres
359 952 523 1034 publicani
539 970 612 1009 cum
626 953 799 1033 impetrare
819 948 1002 1031 nequissent
1019 951 1058 1008 ab
1073 948 1116 1009 se·

101 1062 122 1099 u
128 1056 196 1115 atu,
213 1055 247 1098 ut
260 1037 390 1097 modum
404 1037 548 1119 potestati
562 1036 724 1098 censoriae
740 1036 964 1118 imponerent,
981 1028 1117 1095 tandem

99 1128 267 1187 tribunum
280 1125 380 1207 plebis
398 1122 428 1184 Ρ.
441 1125 614 1201 Rutilium,
630 1144 671 1185 ex
684 1126 732 1184 rei
745 1126 887 1205 priuatae
902 1124 1117 1183 contentione

93 1214 216 1272 <iratum
233 1210 431 1286 censoribus,
453 1227 626 1292 patronum
650 1210 758 1271 causac
773 1210 858 1268 nacti
877 1208 960 1268 sunt.
1008 1210 1117 1269 Clien-

99 1314 166 1359 tem
180 1298 367 1357 libertinum
383 1297 537 1379 parietem
552 1298 590 1357 in
607 1299 701 1358 Sacra
721 1297 772 1369 via
787 1294 934 1357 adversus
948 1294 1043 1355 aedes
1059 1318 1114 1378 pu-

87 1386 196 1457 blicas
211 1382 360 1442 demoliri
373 1382 536 1465 jusserant,
554 1386 638 1466 quod
652 1385 779 1466 publico
792 1382 1009 1441 inaedificatus
1024 1381 1112 1442 ess'et.

84 1469 250 1553 ‚appellati
263 1492 281 1528 a
295 1471 418 1551 privato
437 1472 569 1531 tribuni.
612 1494 685 1530 curn
699 1485 828 1554 praeter
841 1469 999 1530 Rutilium
1014 1489 1114 1528 nemo

84 1554 321 1631 intercederet,
331 1554 478 1617 censores
494 1557 534 1617 od
541 1559 677 1640 pignora
686 1553 1015 1640 capiendamiserunt,
1030 1557 1112 1614 mul-

96 1657 244 1724 ctamque
259 1666 318 1727 pro
332 1645 489 1705 concione
504 1647 627 1728 privato
642 1645 803 1705 dixerunt.
829 1644 916 1703 Hinc
930 1642 1111 1708 contentio·

95 1750 141 1789 tte
159 1746 245 1806 orta,
274 1753 345 1789 etun
361 1747 483 1793 veteres
496 1731 659 1815 publicani
675 1730 706 1794 se
720 1729 762 1791 ad
778 1731 949 1790 tribunum·
960 1726 1107 1789 eontulis-

96 1814 185 1891 sent,
209 1818 330 1901 rogatio
350 1835 485 1900 repente
501 1818 557 1879 sub
574 1820 667 1879 unius
683 1818 805 1878 tribuni
819 1817 957 1882 nomine
969 1814 1109 1898 promul·

96 1919 204 1984 gatur:
250 1905 330 1983 Quae
354 1904 467 1986 publica
487 1905 657 1990 vectigalia,
681 1903 762 1965 ultro
778 1902 890 1965 tributa
907 1901 943 1965 C.
964 1900 1111 1963 Clauum

93 2006 126 2049 rr
156 1987 201 2051 Ti.
229 1987 420 2073 Sempronius
444 1992 591 2072 locaffem,
637 2013 669 2051 ea
695 2010 761 2051 rata
781 1988 887 2051 locatio
909 2011 944 2050 ne
966 1988 1044 2073 estet.
1074 1986 1111 2049 de

95 2079 216 2161 integro
238 2075 430 2152 locarentur,
473 2097 502 2137 et
525 2096 560 2137 ut
582 2076 709 2138 omnibus
729 2076 890 2138 redimendi
904 2095 934 2137 et
949 2072 1110 2137 conductu·

78 2240 83 2247 .
96 2160 129 2223 di
144 2163 306 2246 promiscue
314 2165 369 2247 jus
388 2164 466 2247 esser.
478 2198 485 2204 ··
498 2164 598 2225 Diem
618 2164 659 2224 ad
673 2164 738 2248 ejus
753 2165 953 2246 rogationem
968 2162 1104 2221 coneilio

94 2250 242 2311 tribunus
263 2252 365 2334 plebis
383 2251 472 2313 dixit.
516 2253 570 2333 qui
590 2251 752 2335 postquam
768 2252 878 2326 venit,
905 2266 939 2309 ut
958 2246 1107 2309 censores

93 2333 136 2393 ad
152 2334 398 2398 dissuadendum
419 2336 659 2421 processerunt,
683 2339 830 2399 Graccho
843 2337 989 2411 dicente,
1013 2337 1108 2396 lilen-

93 2419 174 2480 tium
194 2421 276 2491 fnit„
312 2448 387 2484 eum
408 2424 538 2486 Claudio
558 2426 806 2509 obstreperetur,
843 2424 1042 2485 audientiam
1062 2422 1108 2483 sa-

92 2527 166 2567 cere
181 2530 376 2591 praeconem
397 2512 488 2595 jussit.
532 2512 580 2572 Eo
594 2512 697 2591 sacto,
723 2529 885 2575 evocatam
898 2532 917 2572 a
930 2510 963 2571 se
977 2511 1109 2570 concio·

92 2612 170 2651 nem
191 2597 338 2655 tribunus
357 2599 497 2679 questus,
541 2601 629 2659 etin
644 2600 794 2661 ordinem
812 2599 845 2659 se
864 2614 1027 2673 coactum,
1063 2618 1106 2657 ex

93 2679 263 2763 Capitolio,
286 2685 340 2756 ttbi
358 2701 424 2744 erat
441 2687 630 2763 concilium,
653 2688 738 2748 abiit.
783 2686 906 2747 Postero
921 2682 974 2745 die
989 2684 1107 2766 ingen·

92 2782 139 2826 tes
158 2771 309 2829 tumultus
329 2771 423 2832 ciere.
457 2772 507 2832 Ti.
526 2774 665 2834 Gracchi
682 2776 823 2855 primum
840 2776 925 2833 bone
938 2770 1104 2832 consecra-

71 2853 154 2931 ⁵vit,
186 2854 272 2937 quod
284 2859 321 2917 in
341 2859 458 2917 mulcta
474 2860 721 2943 pignoribusque
742 2863 825 2945 ejus,
857 2861 913 2943 qui
934 2860 1105 2919 tribunum

89 2942 290 3023 appellasset,
318 2944 535 3006 interceslioni
556 2967 627 3005 non
651 2946 813 3027 parendo,
838 2944 929 3006 sein
950 2944 1103 3007 ordinem

89 3028 245 3110 coegisset.
290 3030 334 3091 C.‘
348 3032 479 3095 Claudio
499 3032 586 3093 diem
604 3032 703 3110 dixit,
735 3034 822 3117 quod
844 3034 1039 3093 concionem
1062 3037 1103 3094 ab

69 3112 72 3117 ’
87 3110 121 3173 se
131 3115 300 3194 avocasset,
316 3135 348 3178 et
361 3119 487 3203 utrique
503 3118 627 3181 censori
643 3119 898 3203 perduellionem
910 3119 945 3180 se
956 3120 1103 3205 judicare
1146 3177 1148 3187 .

89 3205 329 3284 pronuntiavit,
368 3204 516 3291 diemque
537 3208 671 3270 comitiis
699 3229 718 3267 a
737 3210 771 3269 C.
793 3207 931 3290 Sulpicio
952 3226 1101 3290 praetore
1146 3202 1148 3208 ’

88 3288 215 3347 urbano
230 3293 330 3372 petiit.
373 3294 452 3354 Non
465 3294 681 3369 recusantibus
695 3295 896 3371 censoribus,
922 3296 979 3377 qui
991 3301 1099 3359 minus

24 3406 28 3411 -
86 3372 194 3471 primo
217 3396 341 3459 quoque
362 3396 507 3465 tempore
524 3382 678 3465 judicium
694 3388 735 3442 de
755 3380 787 3442 se
810 3384 946 3465 populus
967 3381 1097 3461 iaceret,

17 3534 20 3541 V
86 3476 124 3543 nt
139 3476 214 3519 ante
225 3460 292 3522 dies
301 3482 445 3529 octavum
459 3485 491 3528 et
504 3468 843 3553 septimumKalendas
851 3471 1005 3533 Octobres
1014 3494 1097 3534 com·
1142 3527 1145 3545 ,

84 3545 149 3637 ltiis
173 3547 403 3628 perduellionis
432 3552 516 3616 dicta
544 3557 620 3619 dies.
688 3553 841 3619 Censores
871 3562 1046 3643 extemplo?
1062 3564 1098 3623 in

75 3632 198 3697 atrium
220 3634 390 3703 Libertatis
413 3639 641 3715 escenderunt:
676 3658 724 3719 et,
756 3644 803 3704 ibi
822 3644 950 3729 lignatio
972 3651 1098 3711 tabellis

65 3726 231 3809 publicis,
261 3728 435 3819 clausoque
447 3731 629 3817 tumularis,
648 3742 683 3793 et
694 3727 824 3791 diuitiis
841 3731 936 3795 (eruis
949 3738 1095 3816 publicis,

1014 3840 1108 3901 'RQ-t
