2354 4140
41 334 58 428 ,ζ
123 347 190 431 lam
203 335 382 429 praelorem
396 349 483 409 urhis
498 339 637 409 delatum
652 347 706 409 est.
751 348 841 409 Serri
856 346 919 407 duo
934 365 1009 407 ante
1024 350 1130 419 lucem

124 432 168 493 ad
189 453 262 493 eum
277 422 453 509 ,veneruntss
486 451 579 516 atque
593 432 707 494 ordine
725 434 851 509 omnia,
874 455 954 515 quae
966 451 1035 494 acta
1047 432 1132 501 futu}

125 540 225 601 taque
240 535 342 594 erant,
365 519 587 601 exposuerunt.
632 521 752 598 Quibus
767 518 854 587 domi
869 518 1021 582 custodiri·
1031 519 1131 604 juliis,

125 621 264 690 praetor,
277 605 387 665 senatu
402 623 511 669 vocato
526 605 709 688 eductoque,
726 628 805 688 quae
820 605 943 667 indices
960 605 1129 684 afferrent,

124 688 281 774 proficisci
302 696 343 757 ad
365 692 435 752 caui
456 693 710 776 conjurationem
734 692 951 774 quaerendam
966 710 1059 774 atque
1074 716 1130 777 op·

122 776 332 862 primendam
352 778 463 861 jussus,
491 802 564 839 cum
587 781 728 863 quinque
747 780 855 862 legatis
868 777 1055 861 proiectus,¹
1074 783 1129 840 ob-

126 865 193 941 vius
209 865 247 927 in
254 866 342 947 'agris
358 864 555 927 sacramento
568 882 689 947 rogatos
704 887 792 925 arma
806 887 921 948 capere
937 882 970 927 et
983 864 1133 948 sequium.

125 953 227 1031 gebat.
272 954 341 1011 Hoc
361 952 563 1013 tumultuario
585 951 719 1011 delectu'
733 950 855 1012 duobus
870 952 1010 1013 millibus
1023 950 1130 1013 ferme

86 1104 90 1111 ¹
124 1036 294 1111 hominum
310 1038 446 1112 armatis,
461 1039 595 1112 ¹Setiam,
620 1039 779 1112 omnibus,
789 1060 858 1118 ¹quo
868 1054 1024 1121 pergeret,
1038 1039 1141 1119 igna-·

122 1124 190 1199 ·riS,
208 1124 309 1185 venit.
330 1124 377 1184 ibi
395 1124 513 1205 raptim
534 1124 732 1215 principibus
744 1124 972 1205 conjurationis
985 1142 1125 1206 compre·

125 1207 251 1285 heulis,
273 1206 346 1291 luga
365 1208 525 1271 servorum
550 1231 591 1271 ex
605 1208 724 1293 oppido
737 1208 817 1275 facta
832 1209 883 1269 cst.
907 1198 1022 1271 dimiffi
1033 1206 1124 1270 dein«

125 1293 170 1355 dte
187 1316 251 1377 per
272 1315 387 1377 agrosp
402 1296 456 1376 qui
475 1296 674 1379 vestigarent.
718 1288 853 1378 Egregia
874 1295 1008 1356 duorum
1030 1310 1127 1379 opera

125 1377 288 1443 [errorum
303 1378 447 1445 indicum
463 1384 594 1445 etunius
607 1381 701 1455 liberi
714 1379 784 1441 fuit.
826 1381 867 1443 Ei
882 1398 1013 1443 centum
1025 1382 1137 1442 millia·

125 1467 231 1549 gravis
250 1469 333 1531 aeris
357 1467 427 1530 dari
450 1471 556 1537 Patres
574 1468 744 1549 jullerunt:
773 1467 871 1539 serris
895 1469 1008 1537 uicena
1028 1469 1128 1549 quina

126 1553 229 1615 millia
251 1554 356 1630 aeris,
379 1571 410 1615 et
432 1555 620 1617 libertatem.
661 1553 800 1636 pretium
823 1576 933 1615 corum
950 1575 990 1615 ex
1005 1556 1128 1614 aerario
1169 1582 1172 1587 ·

125 1637 261 1715 solutum
284 1639 332 1701 est
342 1640 491 1702 dominis.
543 1640 641 1707 Haud,
651 1642 694 1702 ita
707 1636 807 1700 multo
821 1638 905 1723 post,
928 1661 968 1700 ex
983 1638 1128 1722 ejusdem

126 1724 356 1807 conjurationis
368 1729 527 1809 reliquiis,
548 1729 732 1788 nuntiatum
747 1726 801 1802 est,
818 1726 942 1787 servitia
959 1725 1126 1785 Praeneste

125 1828 325 1894 occupatura.
389 1813 438 1874 Eo
454 1816 501 1883 ·L.
531 1814 697 1875 Cornelius
719 1828 847 1896 praetor
871 1808 1047 1894 profectus,
1083 1808 1126 1870 dc
1151 1806 1161 1825 ‘

124 1898 309 1981 quingentis
328 1896 397 1975 fere
419 1900 617 1977 hominibus,
643 1899 699 1981 qui
721 1901 759 1960 in
776 1916 812 1959 ea
827 1921 913 1959 noxa
927 1912 1034 1971 erant,
1055 1895 1127 1979 [up-

124 1984 258 2065 plicium
279 1983 394 2064 sumsit.
417 1988 454 2049 in
475 1988 588 2049 timore
610 1988 718 2047 civitas
739 1984 818 2060 fuit,
839 1984 958 2045 obfides
975 1982 1125 2066 captivos·
1164 1984 1167 1989 ’

26 2132 29 2137 ,
125 2091 187 2150 quc
212 2073 390 2146 Poenorum
413 2086 450 2134 ea
464 2076 580 2136 moliri.
624 2077 731 2153 Itaque
746 2087 777 2130 ct
791 2074 911 2131 Romae
928 2070 1051 2152 vigiliae
1066 2089 1129 2151 pur
1171 2072 1173 2079 ’

125 2156 210 2217 vicos
232 2156 392 2233 [ervataeq
412 2159 542 2242 juffiquc
558 2159 726 2219 circumire
741 2178 792 2216 eas
807 2159 949 2217 minores
968 2153 1126 2236 magistra-

124 2258 190 2302 tus:
213 2258 246 2303 et
266 2245 425 2321 triumuiri
444 2246 580 2315 carceris
600 2242 822 2303 lautumiarum
848 2242 1057 2302 intentiorem
1073 2262 1125 2300 cu
1147 2278 1150 2285 Δ

121 2327 257 2389 stodiam
269 2327 389 2388 habere
403 2329 779 2417 jusfi:etcirpa110men
793 2328 941 2387 Latinum
955 2335 1138 2409 apraetore'

122 2414 233 2473 literae
250 2412 377 2488 millae,
394 2430 430 2473 ut
449 2429 480 2474 et
501 2412 621 2474 obfides
637 2415 674 2473 in
689 2411 812 2495 privato
826 2410 1046 2489 servarentur,
1067 2430 1125 2472 ne-'

19 2529 21 2534 ·
36 2538 45 2556 .
121 2518 184 2578 que
205 2498 248 2557 in'
262 2501 426 2579 publicum
446 2498 629 2582 prodeundi
642 2498 773 2575 facultas
788 2490 937 2577 daretur3
959 2516 995 2577 et·v
1007 2498 1128 2581 captivi

30 2578 33 2583 ’
121 2604 166 2643 ne
179 2584 289 2643 minus
301 2582 413 2644 decem
429 2585 539 2668 pondo
556 2584 761 2669 compedibus
774 2586 876 2646 vincti
894 2586 931 2648 in
946 2586 1037 2645 nulla
1052 2586 1132 2667 alia,¹

119 2690 216 2752 quam
238 2670 277 2731 in
298 2673 432 2733 carceris
449 2673 585 2755 publici,
605 2670 743 2734 custodia
759 2671 869 2733 client.

224 2844 354 2906 XXVII.
375 2842 499 2907 Eodem
515 2866 605 2905 annu
615 2844 711 2927 legati
726 2844 766 2903 ab
773 2864 846 2926 rege
855 2840 962 2903 Attalo
969 2862 1124 2907 coronam

121 2950 250 2999 auream
278 2928 453 2991 ducentum
473 2930 681 3014 quadraginta
704 2928 759 2991 sex
776 2926 887 3012 pondo
908 2929 947 2990 in
970 2929 1124 3010 Capitolio
1150 2986 1153 2991 ,

119 3014 311 3098 posuerunt,
332 3017 508 3100 gratiasque
529 3018 652 3078 senatui
668 3030 812 3099 egerunt,
834 3014 920 3097 quod
932 3012 1121 3091 Antiochus,

119 3101 295 3185 legatorum
316 3106 540 3165 Romanorum
552 3104 734 3165 auctoritate
748 3118 868 3177 motus,
892 3100 1008 3163 linibus
1022 3098 1123 3162 Attali

120 3190 295 3255 exercitum
320 3188 507 3252 deduxisset.
557 3186 681 3251 Eadem
700 3188 813 3259 aestate
835 3188 954 3268 equites
979 3185 1121 3263 ducenti,

118 3290 153 3337 et
174 3272 348 3359 elephanti,
362 3276 492 3354 decem,
521 3294 555 3338 et
577 3277 673 3339 tritici
692 3274 836 3335 modium
858 3272 996 3334 ducenta
1009 3274 1121 3351 millia,

117 3361 161 3423 ab
181 3382 257 3446 rege
285 3362 445 3433 Matinissa
464 3361 507 3425 ad
527 3363 720 3438 exercitum,
747 3360 862 3443 quiin
881 3360 1019 3421 Graecia
1043 3374 1120 3437 erat,
1156 3350 1165 3371 ¹

113 3465 351 3532 pervenerunt.
396 3452 478 3519 Item
496 3471 538 3513 cx
559 3450 665 3513 Sicilia
684 3447 892 3527 Sardiniaque
913 3448 1023 3530 magni
1036 3468 1120 3508 com·

114 3551 239 3605 meuriss
254 3552 286 3597 et
300 3535 488 3601 vestimenta
503 3537 656 3600 exercitui
676 3533 777 3595 milla.
823 3533 961 3594 Siciliam
974 3536 1019 3594 Μ.
1037 3536 1121 3595 Mar-

115 3624 233 3699 cellus,
256 3621 437 3685 Sardi-niam
452 3626 497 3687 M.
511 3625 639 3686 Porcius
655 3624 730 3683 Cato
745 3620 929 3695 obtinebat3
951 3617 1077 3680 [anctus
1088 3614 1143 3691 et,¹

99 3707 282 3787 moment,
304 3708 448 3795 asperior
460 3728 572 3778 tamen
590 3712 630 3799 in
646 3707 780 3773 foenore
790 3704 969 3770 coarcendo
982 3707 1119 3853 habipps.

97 3840 101 3847 ,
411 3839 414 3846 ,
432 3808 438 3817 ”
601 3804 604 3817 ’
1079 3813 1121 3851 u.
1153 3846 1156 3853 ,
