2354 4140
123 70 464 213 &tntu
486 102 657 165 xxxvnt.
695 104 946 175 utxrvnv.

343 214 382 271 U.
406 213 440 269 C.
458 213 532 280 5433,
675 231 719 268 .a.
737 210 830 269 CN.
850 216 920 289 189.
1002 241 1008 251 ·
1095 222 1099 227 “

123 352 198 393 tem.
214 349 245 393 et
259 352 409 392 coronam
426 350 555 389 auream
569 328 755 413 quindecim
767 330 923 389 talentum
940 328 1130 391 asserebant.

124 420 271 493 Helvius,
297 420 437 499 integros
458 438 476 474 a
496 418 702 500 populatione
717 431 805 500 egtot
823 414 1022 477 servaturum
1043 416 1130 499 polli-

123 509 219 581 citus,
248 507 296 566 ire
314 502 355 563 ad
371 502 533 563 consulem
551 505 668 588 legatos
689 502 781 585 jussit.
827 503 940 587 quibus
954 500 1072 563 eadem
1085 523 1129 565 re·

122 590 317 664 serentibus,
346 588 473 665 consul,
521 588 625 672 Neque
655 587 794 665 Romani,
821 590 945 671 inquit,
972 587 1064 651 bom
1084 608 1129 651 ut·

121 678 244 741 luntatis
265 676 356 737 ullum
372 673 489 761 ftgnum
504 696 642 760 organas
663 679 791 761 tyranni
805 670 953 737 babemus:
987 694 1017 734 at
1037 676 1131 759 ipsun

123 768 205 826 telem
230 764 281 842 effe
308 765 389 822 inter
421 782 515 823 omnes
536 760 660 837 constat,
712 780 747 822 ut
767 759 802 821 tle
827 782 920 843 pum
940 762 1004 845 ejus
1022 782 1069 823 u
1088 764 1128 837 t't,

121 868 207 934 quant
230 848 265 909 de
287 851 433 922 amicitia,¹
465 847 548 909 notis
570 848 754 933 cogitandum
773 845 825 923 fit.
874 850 1053 910 Perturbati
1068 782 1129 909 iae

120 958 198 999 voce
213 938 309 1019 legati
323 936 408 997 nihil
425 934 511 998 aliud
523 952 651 1019 petere,
671 957 767 1018 quam
787 950 822 995 ut
835 954 989 995 eoronam
1008 936 1127 1018 accipe·

120 1040 187 1098 ret3
208 1020 426 1103 veniendique
442 1020 483 1081 ad
497 1044 570 1083 etun
583 1020 767 1103 potestatem
781 1037 940 1101 tyranno,
958 1038 991 1082 et
1006 1022 1129 1104 copiam

121 1106 274 1193 loquendi
284 1130 320 1167 ac
337 1106 498 1190 purgandi
509 1108 551 1185 se,
565 1106 692 1168 fuceret.
712 1106 864 1169 Permissu
879 1106 1018 1168 consulis
1032 1107 1127 1190 postt-

120 1220 159 1258 νο
182 1194 234 1255 die
258 1196 295 1255 in
318 1193 416 1255 castra
444 1211 604 1276 tyrannus
624 1196 731 1270 vettit3
758 1193 884 1257 vestitus
903 1194 1160 1275 comitatusque}

121 1285 176 1345 vix
192 1282 232 1340 ad
251 1281 364 1363 privati
381 1280 505 1341 modice
524 1282 688 1363 locupletis
704 1280 857 1342 habitum.
902 1298 934 1342 et
947 1282 1051 1342 oratio
1069 1278 1129 1341 suit

121 1366 268 1429 submissa
283 1383 313 1427 et
327 1364 482 1444 infracta,
511 1367 715 1429 extenuantis
736 1386 811 1450 opes
831 1366 916 1443 suas,
937 1367 1128 1449 urbiumque

120 1454 193 1517 suae
210 1452 339 1514 ditionis
356 1451 522 1535 egestatem
542 1454 716 1535 querentis.
759 1452 987 1513 Erant·autem
1008 1452 1126 1529 subeo,

119 1557 248 1624 praeter
262 1541 428 1619 Cibyram,
444 1556 475 1599 et
488 1540 631 1620 Syleum‚
654 1555 685 1600 et
699 1536 831 1601 Alimne
847 1561 926 1622 quae
940 1540 1124 1625 appellatur.

122 1650 163 1689 ex
182 1627 250 1702 his,
278 1642 312 1685 ut
332 1624 363 1685 se
385 1626 515 1707 suosque
535 1624 700 1707 spoliaret,
731 1627 872 1709 quinque
896 1642 927 1686 et
948 1625 1067 1712 uiginti
1085 1641 1127 1685 tt·

121 1715 209 1774 lenta
221 1712 254 1773 se
276 1710 513 1786 confecturum,
543 1733 643 1796 prope
660 1722 695 1770 dt
710 1710 880 1787 dissidens,
908 1712 1124 1795 pollicebatur.

121 1799 297 1866 Enimvero,
330 1798 436 1880 inquit
464 1797 591 1875 consul,
618 1797 708 1877 ferri
724 1799 788 1879 jan
810 1792 973 1877 ludificatio
997 1796 1051 1877 asta
1071 1815 1126 1858 nott

120 1882 223 1970 potest.
269 1884 377 1945 Parum
397 1881 453 1961 est,
481 1904 553 1944 -ttou
576 1882 721 1965 erubuisse
742 1881 898 1965 absentent,
931 1902 1070 1967 rumpet
1090 1882 1128 1944 le·

120 1992 202 2059 gatos
214 1969 420 2052 frustrareris
445 1991 514 2031 nos:
558 1968 691 2054 praesens
712 1988 826 2051 quoque
848 1974 879 2030 in
905 1969 1002 2032 eadem
1033 1972 1125 2049 impt-

121 2059 220 2123 dtntt'a
245 2055 386 2139 persistit.
419 2111 427 2119 .
451 2057 590 2138 Quinque
618 2076 647 2116 tt
674 2059 784 2141 uiginti
806 2055 914 2118 talentu
942 2054 1128 2142 tyrannide·

120 2164 198 2207 tuam
227 2139 453 2205 exhaurirent?
503 2142 675 2228 Quingenta
704 2163 776 2227 ergo
801 2140 909 2203 talenta
933 2140 989 2216 tu'fi
1023 2140 1138 2205 niuno·

120 2250 271 2307 numeras,
288 2228 521 2311 populationem
542 2233 574 2288 in
597 2233 698 2314 agris,
741 2225 914 2300 obfidionttt
934 2232 966 2291 ἐκ
987 2227 1063 2292 urbe
1080 2248 1129 2289 tt·

110 2318 226 2401 specta.
272 2317 340 2375 Hac
357 2314 602 2377 denuntiatione
625 2316 833 2390 conterritus,
862 2312 1002 2398 perstare
1018 2310 1130 2377 tamen

119 2402 331 2486 inperante
348 2400 545 2462 mutatione
570 2402 707 2481 ineptae.
750 2402 956 2483 etpauaum
975 2400 1128 2463 intueat
1142 2384 1155 2447 ·‘

119 2488 318 2570 adjectione,
349 2507 440 2546 nunc
458 2508 517 2568 per
534 2487 784 2562 cavillationem,
814 2508 906 2549 nune
926 2488 1077 2571 precibus
1097 2501 1129 2547 et

117 2576 268 2635 simulatis
283 2573 451 2652 lacrymis,
474 2570 515 2631 ad
534 2589 664 2633 eentum
678 2574 797 2633 talenta
813 2572 858 2637 est
869 2572 1052 2658 perductus.
1075 2572 1128 2635 ad·

117 2663 199 2744 jecta
219 2660 331 2720 decem
351 2658 453 2720 millia
470 2657 672 2723 medimnum
688 2659 853 2723 frumenti.
907 2662 996 2723 Haec
1016 2662 1128 2725 omnia

117 2749 206 2809 intra
218 2746 274 2809 sex
288 2742 355 2807 dies
374 2760 492 2805 exacta.
1117 2749 1124 2769 ⁸

157 2910 162 2919 ’
201 2916 269 2978 XV.
300 2915 331 2980 A
344 2918 461 2998 Cibyra
480 2938 539 3001 per
561 2939 650 3003 agros
671 2917 875 2981 Sindensium
894 2910 1052 2983 exereiuts
1071 2919 1128 2983 du·

83 3066 89 3078 Ι
117 3017 203 3079 otus,
232 3003 501 3089 transgressusque
522 3006 689 3066 Caularem
714 3027 862 3082 amnem,
890 3006 994 3091 posuit
1015 3005 1126 3088 castra.

116 3088 241 3151 Postero
255 3090 307 3151 die
323 3090 367 3153 ost
380 3107 509 3173 praeter
523 3092 677 3153 Caralitin
689 3090 840 3175 paludem
853 3114 968 3177 agmen
982 3090 1127 3156 duetnmt

116 3174 159 3235 ad
180 3176 419 3261 Mandropolim
440 3173 636 3239 manserunt.
685 3177 766 3240 iude
786 3178 1067 3263 progredientibus
1086 3178 1128 3243 ad

114 3262 243 3344 lagon,
266 3264 445 3346 proximam
460 3266 593 3341 urbem,
614 3280 700 3325 metu
719 3266 845 3331 incolae
857 3264 1019 3349 sugerunt.
1065 3270 1141 3329 Vt·¹

117 3371 212 3409 ouum
224 3349 427 3427 hominibus,
452 3368 484 3411 et
497 3348 651 3413 refertum
665 3350 774 3412 rerum
787 3354 933 3415 omnium
946 3354 1056 3436 eopia,
1072 3376 1126 3437 op·

113 3433 227 3519 pidum
244 3434 456 3520 diripuerunt.
499 3436 579 3499 inde
593 3440 633 3497 ab
648 3435 733 3516 Lyfis
745 3437 887 3501 fluminis
900 3436 1008 3516 sonte,
1083 3456 1125 3501 te-

113 3545 153 3583 ro
181 3520 233 3585 die
256 3520 297 3582 ad
312 3524 498 3585 Cobulatum
522 3536 652 3583 amnem
675 3522 836 3607 progressi.
885 3527 986 3589 'serm
1033 3523 1145 3589 enses·

114 3631 154 3671 eo
169 3626 311 3692 tempore
325 3607 554 3670 Isiondensium
573 3630 697 3685 arcem,
726 3614 807 3672 urbe
827 3628 934 3695 captat
963 3634 1125 3699 oppugnt‘

113 3698 210 3757 hant:
231 3694 356 3773 inelufi,
370 3709 443 3760 tutu
454 3688 520 3762 uia
534 3695 605 3782 spes
617 3696 727 3763 auxilii
741 3698 831 3763 nulla
844 3696 931 3777 esset,
949 3700 1070 3788 legatos
1084 3696 1130 3761 ad

38 3819 41 3824 .
957 3806 960 3811 “
1050 3806 1126 3851 m·
