2354 4140
904 180 1102 201 m

705 223 731 260 a.
751 203 784 261 C.
802 202 844 261 N.
865 218 935 279 177.

93 330 184 391 dilati
206 344 315 402 erant,
344 328 377 387 L.
394 324 553 386 Minucius
566 320 744 397 Thermus,
773 322 827 401 qui
849 321 968 403 legatus
992 318 1102 385 Manlii

93 414 233 477 consulis
246 416 284 475 in
301 412 394 474 Istria
406 409 528 484 suerat,
550 406 859 469 insenatum·ve11it.
902 405 955 467 Ab
968 407 1021 468 his
1037 406 1102 468 edo

92 518 161 564 ctus
178 499 222 560 est
235 498 381 574 senatus,
404 512 557 578 quantum
578 494 656 555 belli
670 514 725 555 eae
738 494 923 576 provinciae
935 494 1099 555 haberent.

93 590 267 653 Moverunt
288 584 433 644 senatum
449 599 481 643 et
502 581 675 664 legationes
695 578 814 640 socium
830 581 973 641 nominis
990 582 1102 653 Latini,

93 692 176 757 quae
190 688 222 731 et
235 670 382 731 censores
397 686 430 729 et
442 670 565 752 priores
576 665 720 729 consules
734 665 957 747 fatigaverunt,
973 666 1105 729 tandem

92 761 134 823 in
147 757 293 818 senatum
311 755 521 818 introductae.
553 755 681 817 Summa
695 754 898 835 querelarum
911 769 1000 829 erat,
1018 752 1105 815 Ciues

85 844 160 930 suas
179 842 285 905 Romae
308 841 401 925 tensos
416 840 574 924 plerosque
592 839 707 899 Romam
729 838 929 923 commigraffe.
959 836 1106 919 ,Quodfi

92 932 309 1012 permittatur,
351 930 511 1009 perpaucis
531 922 632 1001 lustris
651 923 815 1005 fututam,
859 945 894 985 at
918 925 1034 1006 deserta
1053 947 1104 1011 op-

94 1013 186 1097 pida,
214 1013 323 1096 deserti
342 1017 431 1097 agri,
460 1010 569 1072 ausum
583 1009 793 1075 militem-aare
814 1011 951 1093 poffeat.·
983 1014 1105 1097 Fregel-

91 1102 141 1162 las
167 1123 291 1183 quoque
313 1101 414 1161 millia
443 1097 796 1181 quatuorsamiliarum
828 1097 975 1160 transisse
999 1103 1046 1185 ab¹
1062 1099 1102 1175 se,

94 1189 254 1250 Samnites
277 1187 462 1268 pelignique
481 1187 713 1267 querebantur:
746 1206 853 1266 neque
870 1206 908 1245 eo
922 1187 1032 1247 minus
1053 1202 1104 1247 aut

92 1272 153 1335 bos
169 1289 222 1332 aut
241 1274 312 1332 illos
334 1275 371 1332 in
385 1271 543 1331 delectum
557 1271 694 1331 militum
712 1269 798 1331 dare.
844 1273 977 1333 Genera
1000 1288 1105 1335 autem

93 1358 216 1419 fraudis
231 1358 293 1418 duo
302 1356 475 1417 mutandae
489 1359 608 1425 uiritim
621 1358 753 1419 civitatis
767 1356 899 1419 inducta
912 1376 1016 1419 erant.
1040 1362 1111 1421 Lex·

93 1442 185 1506 sociis
200 1466 238 1531 ap
251 1446 394 1505 nominis
411 1445 533 1520 Latini,
556 1445 610 1526 qui
625 1443 755 1527 stirpem
769 1464 811 1504 ex
824 1444 992 1506 sesedomi
1006 1448 1118 1508 reliu··

92 1538 247 1611 querant,
271 1529 382 1607 dabat,
411 1547 445 1589 ut
461 1531 544 1591 cives
559 1532 702 1591 Romani
714 1531 838 1591 fierent
884 1553 922 1592 ea
934 1534 1007 1615 lege
1019 1534 1104 1595 mah

92 1615 232 1693 utendo,
261 1618 315 1678 alii
336 1616 442 1693 sociis,
475 1618 528 1677 alii
550 1619 667 1700 populo
681 1619 829 1677 Romano
841 1619 994 1702 injuriam
1010 1618 1110 1681 faeie--

93 1705 183 1763 bant.
229 1703 315 1763 Nam
330 1721 377 1779 et,
398 1723 441 1763 ne
457 1702 587 1785 stirpem
600 1702 690 1763 domi
703 1705 942 1786 relinquerent,
987 1707 1104 1767 liberos

91 1787 162 1849 Ῑιιοε
184 1791 419 1873 quibusquibus·
438 1791 595 1850 Romanis
625 1791 662 1849 in
693 1811 765 1850 eam
789 1791 1046 1868 conditionem,.
1069 1808 1103 1853 ut

92 1879 415 1952 manumitterentur,
443 1877 605 1958 mancipio
624 1874 761 1952 dabant,
790 1879 997 1962 libertinique
1018 1881 1102 1942 cives

93 1963 213 2024 essent:
240 1980 273 2023 ct
288 1965 399 2045 quibus
413 1963 524 2035 stirpes
540 1960 675 2039 deesset,
696 1985 792 2045 quam
805 1967 1046 2048 relinquerent,
1068 1980 1102 2025 ut

93 2052 178 2111 cives
199 2050 341 2110 Romani
363 2050 492 2111 fiebant.
521 2047 657 2124 -Postea,
691 2049 742 2111 his
764 2074 888 2134 quoque
903 2042 1119 2136 'imaginibus'

90 2138 169 2219 juris
184 2136 313 2220 spretis,
337 2136 514 2218 promiscue
530 2133 598 2195 sine
615 2136 701 2217 lege,
725 2135 794 2197 fine
808 2135 923 2221 stirpe,
944 2142 983 2200 in
996 2140 1097 2203 civiu-

90 2240 157 2285 tem
179 2225 362 2283 Romanam
380 2244 440 2306 per
460 2223 684 2305 migrationem
706 2236 747 2283 et·
758 2222 889 2283 censum
909 2228 1099 2287 transibant
1136 2254 1139 2259 ·

90 2309 171 2369 Haec
185 2330 220 2368 ae
234 2308 330 2390 pastea
341 2305 471 2388 fierent,
488 2310 643 2392 petebant
662 2310 775 2393 legati,
793 2327 836 2369 ,ιτ
853 2329 888 2371 ut
903 2312 1006 2373 redire
1021 2317 1053 2373 itt
1066 2315 1102 2375 εἰ·

88 2400 195 2455 vitares
209 2395 353 2476 juberent
372 2395 485 2476 statim,-
528 2393 631 2456 deinde
652 2412 688 2455 at
709 2394 772 2481 lege
790 2414 945 2473 caverent,
982 2402 1102 2481 nttqais

86 2498 173 2562 quem
188 2484 318 2540 civitatis
332 2480 484 2541 mutandae
500 2478 581 2561 causta
596 2478 827 2561 suumfiacerat,
855 2502 924 2544 aaut
939 2484 1101 2546 alienarat:

84 2584 135 2639 et,
167 2562 282 2647 fiqais
303 2571 347 2626 ita
370 2569 444 2626 clais
462 2564 607 2627 Romanus
623 2566 729 2647 factus
751 2566 817 2650 effer
839 2569 865 2630 ¹⁸.
933 2575 1020 2634 Haec
1044 2574 1100 2635 im·

83 2668 211 2736 patrata
226 2656 266 2712 ab
280 2622 403 2713 senatu.
540 2652 543 2659 ’
766 2660 770 2665 ’

162 2826 216 2887 ῙΧ.
237 2825 422 2887 Provinciae
437 2820 568 2900 deinde,
583 2845 664 2905 quae
679 2826 718 2887 in
733 2828 818 2889 bello
831 2846 935 2909 erant,
950 2830 1099 2893 Sardinia

83 2926 177 2994 atque
191 2908 282 2981 Istria
299 2910 454 2972 decretae.
498 2912 540 2969 ln
556 2910 738 2973 Sardiniam
754 2914 839 2976 duae
850 2918 991 2999 legiones
1004 2916 1100 2980 scribi

81 2998 197 3081 jussae3
218 3000 318 3081 quina
331 2998 434 3059 millia
447 2996 485 3057 in
494 2996 630 3078 singulas
646 3014 678 3059 et
691 2998 811 3063 duceni
824 3002 959 3086 pedites,
973 3005 1099 3065 treceni

68 3086 222 3167 'equites3
254 3102 286 3146 et
307 3083 475 3146 duodecim
485 3082 591 3143 ,millia
612 3084 756 3167 peditum
769 3086 927 3151 sociorum
941 3112 979 3151 aa
991 3092 1100 3153 Latini

80 3172 243 3246 nominis,
274 3188 306 3235 et
329 3170 469 3234 sexcenti
493 3170 633 3253 equites,
665 3188 699 3233 et-
716 3173 829 3237 decem
852 3178 1098 3261 quinqueremes

79 3276 197 3331 naves,
219 3255 243 3315 si
258 3257 416 3319 deducere
432 3279 473 3318 ex
485 3257 654 3319 navalibus
669 3262 775 3323 vellet.
809 3262 1022 3325 Tantundem
1045 3284 1098 3347 pe·

80 3342 185 3403 ditum
200 3344 403 3427 equitumque
423 3346 462 3405 in
479 3336 621 3419 Istriam,
665 3366 822 3427 quantum
842 3351 882 3411 in
902 3350 1096 3426 Sardiniam,

78 3428 253 3491 decrettun.
297 3430 339 3489 Et
358 3432 520 3513 legionem
539 3450 640 3489 unam
661 3452 734 3493 cum
755 3438 910 3517 equitibus
931 3439 1097 3513 trecentis,

77 3533 111 3578 et
128 3515 270 3598 quinque
292 3516 394 3579 millia
414 3516 559 3599 peditum
574 3514 748 3598 sociorum,
776 3540 809 3584 et
828 3522 982 3585 ducentos
1005 3525 1098 3607 quin-

77 3602 230 3687 quaginta
253 3603 382 3665 mittere
403 3605 522 3685 equites
545 3603 584 3662 in
607 3605 796 3689 Hispaniam
819 3610 963 3671 consules
986 3614 1028 3671 ad
1051 3612 1095 3673 M.

71 3690 237 3755 Titinium
249 3686 335 3780 jussi.
380 3690 570 3778 Priusquam
589 3691 736 3759 consules
749 3697 933 3780 provincias
945 3696 1098 3761 sortiren-

605 3814 608 3819 ·
959 3854 967 3861 ἱ
1039 3798 1110 3857 tur,
