2354 4140
129 122 195 191 nn
380 108 538 175 mauu
561 108 671 171 xuv.
716 79 804 172 err.
828 111 915 173 1.u.
973 72 976 77 ’

292 222 332 279 U.
354 220 387 278 C.
412 222 486 289 583.
585 276 588 282 .

128 335 294 424 legionum
317 339 422 400 secum
447 354 631 422 trajectarus
656 338 737 411 erat)
757 336 963 397 Brundisium
987 340 1145 419 pervenit.

128 430 175 493 M.
192 428 340 510 Popillius
356 422 530 487 consularis
545 425 643 485 etalii
660 424 729 505 pari
744 424 911 509 nobilitate
930 422 1146 486 adolescentes

128 518 254 577 tribuni
267 516 404 575 militum
419 512 457 573 in
474 508 696 573 Macedonicas
709 511 852 593 legiones
871 511 1036 571 consulem
1053 509 1146 574 secuti

128 602 212 665 sunt.
259 604 318 662 Per
338 620 391 662 eos
414 598 482 659 dies
504 615 536 657 et
558 599 592 658 C.
616 599 752 658 Marcius
775 598 900 680 Figulus
922 614 1068 682 praetor,
1093 599 1144 661 cui

88 688 91 693 ’
129 682 230 749 classis
241 687 409 770 provincia
424 700 591 760 evenerat,
608 682 811 744 Brundisium
828 685 933 746 venit:
952 702 982 745 et
998 682 1087 744 sunus
1105 706 1143 749 ex

127 774 220 835 Italia
233 772 386 856 profecti,
403 775 576 851 Corcyram
596 772 695 831 altero
711 770 778 846 die,
795 772 888 832 tertio
903 770 1033 833 Actium
1048 770 1139 831 Acar-

126 860 248 923 naniae
265 878 394 944 portum
409 873 594 919 tenuerunt.
640 857 722 917 Inde
738 856 866 934 consul,
884 858 926 919 ad
937 858 1141 921 Atnltraciaul

128 946 283 1030 egressus,
307 948 424 1007 itinere
446 942 588 1005 terrestri
606 946 685 1027 petit
697 943 901 1005 Thessaliam.
929 949 1076 1021 Praetor,
1099 945 1140 1005 su·

126 1049 239 1117 perato
256 1038 406 1107 Leucata,
425 1033 627 1093 Corinthium
643 1030 748 1091 finum
769 1032 929 1108 invectus,
959 1049 992 1092 et
1008 1031 1140 1093 Creusae

101 1184 106 1198 ..
125 1120 245 1180 relictis
262 1122 414 1195 navibus,
443 1134 530 1181 terra
545 1117 656 1200 etipse
673 1139 732 1200 per
745 1118 884 1179 mediam
897 1120 1064 1179 Boeotiam
1079 1119 1140 1181 diei

125 1208 222 1267 unius
242 1205 391 1288 expedito
412 1206 529 1265 itinere
544 1202 729 1263 Chalcidem
749 1204 788 1263 ad
811 1204 939 1266 classem
960 1204 1137 1267 contendit.

126 1291 235 1355 Castra
254 1315 292 1351 eo
312 1308 458 1372 ternpore
475 1291 516 1353 Α.
530 1290 680 1352 Hostilius
704 1292 742 1353 in
755 1291 915 1355 Thessalia
937 1295 1022 1354 circa
1038 1295 1138 1354 Palae·

125 1377 308 1463 pharsalum
330 1378 485 1455 habebam
530 1376 607 1436 sicut
636 1380 725 1436 nulla
746 1400 782 1439 re
805 1382 917 1441 bellica
938 1378 1139 1441 memorabili

123 1462 237 1547 gestas
269 1467 314 1525 ita
335 1462 377 1523 ad
394 1483 543 1527 cunctam
563 1465 735 1539 militarem
756 1464 957 1549 disciplinam
979 1471 1018 1528 ab
1041 1464 1141 1527 essusa

123 1550 255 1611 licentia
275 1548 412 1612 formato
433 1553 552 1626 milite,
582 1568 613 1612 et
634 1550 724 1613 sociis
738 1574 811 1612 cum
824 1552 887 1613 side
909 1554 1019 1630 cultis,
1052 1556 1140 1613 etab

124 1636 216 1699 omni
237 1656 357 1719 genere
377 1640 513 1724 injuriae
535 1638 681 1699 defensis.
737 1637 857 1700 Audito
877 1639 1061 1701 successoris
1086 1638 1138 1700 ad·

123 1740 242 1800 ventu,
274 1746 347 1785 cum
366 1748 472 1803 arma,
499 1728 601 1803 viros,
625 1748 728 1809 equos
751 1748 823 1787 cum
844 1749 920 1787 cura
943 1724 1133 1810 inspexisset,

122 1826 238 1873 ornato
269 1814 410 1905 exercipu
433 1814 559 1875 obviam
582 1813 727 1875 venienti
747 1812 868 1874 consuli
895 1813 1055 1897 processit.
1094 1812 1136 1875 Et

121 1899 246 1983 primus
256 1920 367 1960 eorum
383 1899 565 1983 congressus
582 1923 623 1960 ex
630 1899 782 1983 dignitate
796 1900 936 1983 ipsorum
951 1923 989 1961 ac
997 1900 1135 1963 Romani

122 1978 285 2060 nominis,
330 2003 361 2046 et
383 1990 421 2047 in
453 1990 548 2047 relius
580 1986 699 2047 deinde
724 1985 878 2069 gerendis
891 1986 919 2049 ἢ
964 1986 1136 2051 Proconsul

118 2074 212 2133 enim
236 2070 278 2131 ad
300 2076 474 2134 exercitum
490 2072 543 2132 Η.
587 2074 694 2135 Paucis
713 2073 782 2156 post
803 2073 914 2135 diebus
935 2073 1047 2135 consul
1063 2082 1135 2136 οοτι-Ι

111 2160 249 2237 ⁴cionem
272 2161 357 2241 apud
377 2162 492 2222 milites
512 2161 631 2221 habuit.
686 2160 772 2220 orsus
794 2182 813 2220 a
833 2161 1006 2243 parricidio
1034 2161 1133 2223 Persei

119 2262 301 2330 perpetrato
326 2247 527 2324 infrenem,
571 2249 703 2330 cogitato
725 2248 761 2308 in
784 2264 969 2330 parentem,
1003 2248 1130 2329 adjecit:
1171 2296 1173 2305 .

120 2331 186 2413 poss
202 2332 453 2415 stelerepartum
472 2355 612 2419 regnum,
646 2330 801 2412 veneficia,
829 2333 945 2408 caedes,
975 2335 1133 2396 latrocinio

119 2415 249 2497 nefando
267 2425 396 2501 petitum
412 2418 579 2495 Eumenem,
610 2423 737 2503 injurias
751 2425 782 2481 in
802 2419 947 2503 populum
961 2419 1129 2497 Remanent,

120 2503 304 2584 direptiones
312 2505 463 2588 socierum
478 2506 595 2567 urbium
612 2528 715 2568 contra
733 2506 862 2586 foedus,
887 2528 918 2569 ea
940 2513 1037 2570 omnia
1049 2526 1130 2591 qum

120 2589 194 2650 Diis
215 2609 332 2672 quoque
353 2592 447 2673 invisa
470 2592 576 2674 effim,
612 2595 768 2679 sensurum
788 2596 820 2654 in
846 2597 926 2654 exitu
945 2615 1050 2655 rerunt
1059 2592 1127 2678 fita·

118 2694 194 2736 rum.
237 2672 348 2737 Favere
368 2680 444 2738 enim
462 2683 570 2759 pietati
582 2677 714 2761 fideique
734 2681 831 2749 Deos,
864 2701 922 2760 per
943 2700 1016 2764 quae
1035 2698 1128 2761 popa·

117 2760 164 2822 lus
186 2760 332 2822 Ronanus
348 2763 387 2824 acl
408 2783 519 2826 tantun
528 2762 650 2852 firstigii
666 2773 791 2829 venerit.
835 2768 927 2829 Vires
940 2766 1060 2828 deinde
1074 2790 1127 2850 po·
1171 2798 1173 2829 r

116 2851 185 2934 puli
197 2850 356 2926 Romani,
387 2852 451 2934 jam
466 2868 624 2913 terrarum
643 2858 754 2915 orbem
770 2855 1027 2937 complectentia,
1053 2875 1126 2915 cum
1171 2910 1173 2919 .

114 2938 234 2998 viribus
253 2934 484 3015 Macedoniae,
516 2942 672 3001 exercitus
694 2964 765 3001 cum
791 2942 982 3002 exercitibus
1003 2963 1124 3024 compa·

112 3025 204 3084 ravit'.
238 3022 359 3101 Quanto
373 3027 494 3109 majores
514 3022 654 3111 Philippi
667 3024 864 3110 Antiochique
884 3048 954 3111 opes
968 3047 1026 3088 non
1040 3029 1123 3112 naje-

113 3109 195 3171 nr'lns
208 3106 304 3190 'copiis
310 3108 429 3191 fractas
445 3109 525 3196 effe?
1121 3128 1124 3134 ’

196 3281 240 3340 11.
292 3282 393 3363 Hujus
418 3286 546 3366 generis
567 3284 790 3348 adhortatione
820 3287 961 3350 accensis
988 3282 1122 3350 militurn

112 3367 246 3440 animis,
268 3368 453 3446 consultare,
463 3370 503 3431 de
518 3370 641 3433 summa
653 3373 788 3457 gerendi
804 3378 880 3436 belli
894 3375 1007 3457 coepit.
1030 3374 1080 3437 Eo
1094 3388 1122 3435 et

113 3453 151 3513 C.
161 3452 299 3513 Marcius
313 3473 442 3536 praetor
456 3457 651 3536 aChalcide‚
667 3460 761 3521 classe
777 3479 921 3546 accepta,
937 3463 1039 3523 venit.
1059 3464 1120 3523 Pla·-

108 3540 194 3614 cuit,
209 3558 281 3596 non
297 3540 380 3599 ultra
393 3543 553 3605 morando
568 3546 606 3607 in
614 3546 776 3608 Thessalia
790 3566 913 3633 tempus
928 3544 1120 3629 tererepsed

106 3644 242 3688 movere
259 3629 418 3708 extemplo
439 3630 557 3708 eastra,
579 3648 673 3715 atque
687 3656 821 3717 pergere
832 3635 913 3697 inde
928 3636 966 3696 in
975 3635 1120 3697 Macedo·

97 3716 214 3799 'niam
228 3730 262 3780 et
273 3730 466 3804 praetorem
475 3714 710 3805 dateop'etam„
715 3738 755 3783 ot
765 3721 1036 3806 ecdem‘tempore
1049 3720 1121 3785 class

192 3822 199 3829 ·
1114 3827 1133 3866 s

1090 3796 1173 3881 sk
