<?xml version="1.0" encoding="UTF-8"?>
<!DOCTYPE html PUBLIC "-//W3C//DTD XHTML 1.0 Transitional//EN"
    "http://www.w3.org/TR/xhtml1/DTD/xhtml1-transitional.dtd">
<html xmlns="http://www.w3.org/1999/xhtml" xml:lang="en" lang="en">
 <head>
  <title>
</title>
<meta http-equiv="Content-Type" content="text/html;charset=utf-8" />
  <meta name='ocr-system' content='tesseract 3.04.00' />
  <meta name='ocr-capabilities' content='ocr_page ocr_carea ocr_par ocr_line ocrx_word'/>
</head>
<body>
  <div class='ocr_page' id='page_1' title='image "./historiarumlibr01livygoog_0621.png"; bbox 0 0 2354 4140; ppageno 0'>
   <div class='ocr_carea' id='block_1_1' title="bbox 128 78 1046 196">
    <p class='ocr_par' dir='ltr' id='par_1_1' title="bbox 52 78 1046 196">
     <span class='ocr_line' id='line_1_1' title="bbox 128 78 1046 196; baseline -0.01 -19.765"><span class='ocrx_word' id='word_1_1' title='bbox 128 120 192 196; x_wconf 64' lang='lat'><strong>545</strong></span> <span class='ocrx_word' id='word_1_2' title='bbox 237 78 241 85; x_wconf 70' lang='grc'><strong>’</strong></span> <span class='ocrx_word' id='word_1_3' title='bbox 340 82 492 175; x_wconf 75' lang='lat' dir='ltr'><strong>tisun</strong></span> <span class='ocrx_word' id='word_1_4' title='bbox 514 106 606 168; x_wconf 79' lang='lat' dir='ltr'><strong>mv.</strong></span> <span class='ocrx_word' id='word_1_5' title='bbox 652 108 723 169; x_wconf 65' lang='lat' dir='ltr'><strong>cir.</strong></span> <span class='ocrx_word' id='word_1_6' title='bbox 739 110 826 187; x_wconf 76' lang='lat' dir='ltr'><strong>xvi.</strong></span> <span class='ocrx_word' id='word_1_7' title='bbox 847 108 951 169; x_wconf 80' lang='lat' dir='ltr'><strong>xva.</strong></span> <span class='ocrx_word' id='word_1_8' title='bbox 1043 173 1046 177; x_wconf 68' lang='grc'><strong>,</strong></span> 
     </span>
    </p>
   </div>
   <div class='ocr_carea' id='block_1_2' title="bbox 56 294 1175 2054">
    <p class='ocr_par' dir='ltr' id='par_1_2' title="bbox 56 294 1151 501">
     <span class='ocr_line' id='line_1_2' title="bbox 56 294 1140 320; baseline -0.011 -18"><span class='ocrx_word' id='word_1_9' title='bbox 56 294 59 302; x_wconf 86' lang='grc'><em>,</em></span> <span class='ocrx_word' id='word_1_10' title='bbox 134 294 1140 320; x_wconf 81' lang='lat'><strong>...-......-...---—---.-.-..-..........-</strong></span> 
     </span>
     <span class='ocr_line' id='line_1_3' title="bbox 132 333 1151 417; baseline -0.011 -16"><span class='ocrx_word' id='word_1_11' title='bbox 132 357 192 401; x_wconf 85' lang='lat' dir='ltr'><strong>rat.</strong></span> <span class='ocrx_word' id='word_1_12' title='bbox 215 340 338 417; x_wconf 77' lang='lat' dir='ltr'>nequiit</span> <span class='ocrx_word' id='word_1_13' title='bbox 355 341 401 396; x_wconf 90' lang='lat' dir='ltr'><strong>ire</strong></span> <span class='ocrx_word' id='word_1_14' title='bbox 418 336 455 394; x_wconf 88' lang='lat' dir='ltr'><strong>in</strong></span> <span class='ocrx_word' id='word_1_15' title='bbox 469 334 688 415; x_wconf 82' lang='lat' dir='ltr'><strong>provinciam,</strong></span> <span class='ocrx_word' id='word_1_16' title='bbox 712 333 818 409; x_wconf 86' lang='lat' dir='ltr'><strong>adres</strong></span> <span class='ocrx_word' id='word_1_17' title='bbox 833 333 985 413; x_wconf 80' lang='lat' dir='ltr'><strong>capitales</strong></span> <span class='ocrx_word' id='word_1_18' title='bbox 1002 352 1151 413; x_wconf 84' lang='lat' dir='ltr'><strong>quaeren-</strong></span> 
     </span>
     <span class='ocr_line' id='line_1_4' title="bbox 135 417 1151 501; baseline -0.011 -14"><span class='ocrx_word' id='word_1_19' title='bbox 135 424 191 487; x_wconf 86' lang='lat' dir='ltr'><strong>das</strong></span> <span class='ocrx_word' id='word_1_20' title='bbox 214 446 253 484; x_wconf 85' lang='lat' dir='ltr'><strong>ex</strong></span> <span class='ocrx_word' id='word_1_21' title='bbox 272 417 542 485; x_wconf 78' lang='lat' dir='ltr'><strong>sertatusconsulto</strong></span> <span class='ocrx_word' id='word_1_22' title='bbox 563 434 717 479; x_wconf 85' lang='lat' dir='ltr'><strong>retentus.</strong></span> <span class='ocrx_word' id='word_1_23' title='bbox 774 418 829 491; x_wconf 90' lang='lat' dir='ltr'><strong>De</strong></span> <span class='ocrx_word' id='word_1_24' title='bbox 855 417 1011 501; x_wconf 84' lang='lat' dir='ltr'><strong>prodigiis</strong></span> <span class='ocrx_word' id='word_1_25' title='bbox 1036 417 1151 477; x_wconf 87' lang='lat' dir='ltr'><strong>deinde</strong></span> 
     </span>
    </p>

    <p class='ocr_par' dir='ltr' id='par_1_3' title="bbox 70 502 1174 936">
     <span class='ocr_line' id='line_1_5' title="bbox 70 502 1152 577; baseline -0.012 -2"><span class='ocrx_word' id='word_1_26' title='bbox 70 518 73 529; x_wconf 88' lang='lat'>&#39;</span> <span class='ocrx_word' id='word_1_27' title='bbox 135 504 291 574; x_wconf 86' lang='lat' dir='ltr'><strong>nuntiatis</strong></span> <span class='ocrx_word' id='word_1_28' title='bbox 308 509 438 577; x_wconf 84' lang='lat' dir='ltr'><strong>¹senatus</strong></span> <span class='ocrx_word' id='word_1_29' title='bbox 470 503 517 565; x_wconf 90' lang='lat' dir='ltr'><strong>est</strong></span> <span class='ocrx_word' id='word_1_30' title='bbox 540 505 709 567; x_wconf 85' lang='lat' dir='ltr'><strong>consultus.</strong></span> <span class='ocrx_word' id='word_1_31' title='bbox 757 502 863 565; x_wconf 85' lang='lat' dir='ltr'>Aedes</span> <span class='ocrx_word' id='word_1_32' title='bbox 884 504 1034 575; x_wconf 84' lang='lat' dir='ltr'><strong>Deorum</strong></span> <span class='ocrx_word' id='word_1_33' title='bbox 1057 502 1152 563; x_wconf 64' lang='lat' dir='ltr'><strong>Pfina-</strong></span> 
     </span>
     <span class='ocr_line' id='line_1_6' title="bbox 136 582 1174 673; baseline -0.01 -14"><span class='ocrx_word' id='word_1_34' title='bbox 136 599 215 658; x_wconf 82' lang='lat' dir='ltr'><strong>tium</strong></span> <span class='ocrx_word' id='word_1_35' title='bbox 239 598 277 655; x_wconf 86' lang='lat' dir='ltr'><strong>in</strong></span> <span class='ocrx_word' id='word_1_36' title='bbox 300 596 391 656; x_wconf 83' lang='lat' dir='ltr'><strong>Velia</strong></span> <span class='ocrx_word' id='word_1_37' title='bbox 413 592 452 652; x_wconf 88' lang='lat' dir='ltr'><strong>de</strong></span> <span class='ocrx_word' id='word_1_38' title='bbox 477 592 565 652; x_wconf 88' lang='lat' dir='ltr'><strong>coelo</strong></span> <span class='ocrx_word' id='word_1_39' title='bbox 586 608 667 653; x_wconf 87' lang='lat' dir='ltr'><strong>tacta</strong></span> <span class='ocrx_word' id='word_1_40' title='bbox 691 582 833 651; x_wconf 75' lang='lat' dir='ltr'><strong>eratz&#39;et</strong></span> <span class='ocrx_word' id='word_1_41' title='bbox 845 592 883 651; x_wconf 90' lang='lat' dir='ltr'><strong>in</strong></span> <span class='ocrx_word' id='word_1_42' title='bbox 899 590 1020 673; x_wconf 87' lang='lat' dir='ltr'><strong>oppido</strong></span> <span class='ocrx_word' id='word_1_43' title='bbox 1035 591 1174 651; x_wconf 84' lang='lat' dir='ltr'><strong>Miner--</strong></span> 
     </span>
     <span class='ocr_line' id='line_1_7' title="bbox 130 668 1148 763; baseline -0.01 -18"><span class='ocrx_word' id='word_1_44' title='bbox 130 682 278 745; x_wconf 26' lang='lat' dir='ltr'><strong>*vioduae</strong></span> <span class='ocrx_word' id='word_1_45' title='bbox 293 697 403 763; x_wconf 83' lang='lat' dir='ltr'><strong>portae</strong></span> <span class='ocrx_word' id='word_1_46' title='bbox 411 696 442 738; x_wconf 83' lang='lat' dir='ltr'><strong>et</strong></span> <span class='ocrx_word' id='word_1_47' title='bbox 453 678 539 737; x_wconf 88' lang='lat' dir='ltr'><strong>muri</strong></span> <span class='ocrx_word' id='word_1_48' title='bbox 547 668 754 758; x_wconf 68' lang='lat' dir='ltr'><strong>aliquintum.</strong></span> <span class='ocrx_word' id='word_1_49' title='bbox 787 671 956 758; x_wconf 77' lang='lat' dir='ltr'><strong>Anagniae</strong></span> <span class='ocrx_word' id='word_1_50' title='bbox 965 678 1148 760; x_wconf 74' lang='lat' dir='ltr'><strong>terra-plue·</strong></span> 
     </span>
     <span class='ocr_line' id='line_1_8' title="bbox 136 764 1174 845; baseline -0.003 -17"><span class='ocrx_word' id='word_1_51' title='bbox 136 785 205 843; x_wconf 86' lang='lat' dir='ltr'><strong>rat·,</strong></span> <span class='ocrx_word' id='word_1_52' title='bbox 222 785 260 829; x_wconf 75' lang='lat' dir='ltr'><strong>‚et</strong></span> <span class='ocrx_word' id='word_1_53' title='bbox 275 767 409 828; x_wconf 88' lang='lat' dir='ltr'><strong>Lanuvii</strong></span> <span class='ocrx_word' id='word_1_54' title='bbox 425 764 480 825; x_wconf 84' lang='lat' dir='ltr'><strong>fax</strong></span> <span class='ocrx_word' id='word_1_55' title='bbox 493 764 529 827; x_wconf 85' lang='lat' dir='ltr'><strong>in</strong></span> <span class='ocrx_word' id='word_1_56' title='bbox 542 766 630 823; x_wconf 88' lang='lat' dir='ltr'><strong>coelo</strong></span> <span class='ocrx_word' id='word_1_57' title='bbox 645 764 708 837; x_wconf 74' lang='lat' dir='ltr'><strong>uisa</strong></span> <span class='ocrx_word' id='word_1_58' title='bbox 724 780 806 839; x_wconf 84' lang='lat' dir='ltr'><strong>erat3</strong></span> <span class='ocrx_word' id='word_1_59' title='bbox 831 780 861 824; x_wconf 92' lang='lat' dir='ltr'><strong>et</strong></span> <span class='ocrx_word' id='word_1_60' title='bbox 876 765 1017 824; x_wconf 83' lang='lat' dir='ltr'><strong>Calatiae</strong></span> <span class='ocrx_word' id='word_1_61' title='bbox 1037 765 1081 824; x_wconf 83' lang='lat' dir='ltr'><strong>in·</strong></span> <span class='ocrx_word' id='word_1_62' title='bbox 1097 785 1148 845; x_wconf 81' lang='lat' dir='ltr'><strong>pu·</strong></span> <span class='ocrx_word' id='word_1_63' title='bbox 1169 767 1174 801; x_wconf 74' lang='lat'>³</span> 
     </span>
     <span class='ocr_line' id='line_1_9' title="bbox 136 847 1146 936; baseline -0.007 -22"><span class='ocrx_word' id='word_1_64' title='bbox 136 857 221 914; x_wconf 87' lang='lat' dir='ltr'><strong>blico</strong></span> <span class='ocrx_word' id='word_1_65' title='bbox 242 875 317 936; x_wconf 85' lang='lat' dir='ltr'><strong>agro</strong></span> <span class='ocrx_word' id='word_1_66' title='bbox 333 856 376 913; x_wconf 87' lang='lat' dir='ltr'><strong>M.</strong></span> <span class='ocrx_word' id='word_1_67' title='bbox 391 851 540 912; x_wconf 88' lang='lat' dir='ltr'><strong>Valerius</strong></span> <span class='ocrx_word' id='word_1_68' title='bbox 550 851 626 911; x_wconf 81' lang='lat' dir='ltr'><strong>civis</strong></span> <span class='ocrx_word' id='word_1_69' title='bbox 641 852 807 910; x_wconf 85' lang='lat' dir='ltr'><strong>Romanus</strong></span> <span class='ocrx_word' id='word_1_70' title='bbox 828 851 1017 929; x_wconf 75' lang='lat' dir='ltr'><strong>nuntiabat,</strong></span> <span class='ocrx_word' id='word_1_71' title='bbox 1040 870 1059 909; x_wconf 86' lang='lat' dir='ltr'><strong>e</strong></span> <span class='ocrx_word' id='word_1_72' title='bbox 1076 847 1146 909; x_wconf 87' lang='lat' dir='ltr'><strong>soco</strong></span> 
     </span>
    </p>

    <p class='ocr_par' dir='ltr' id='par_1_4' title="bbox 89 929 1151 1364">
     <span class='ocr_line' id='line_1_10' title="bbox 89 929 1147 1021; baseline -0.006 -22"><span class='ocrx_word' id='word_1_73' title='bbox 89 980 92 1007; x_wconf 61' lang='lat'><em>2</em></span> <span class='ocrx_word' id='word_1_74' title='bbox 138 940 193 1017; x_wconf 84' lang='lat' dir='ltr'><strong>suo</strong></span> <span class='ocrx_word' id='word_1_75' title='bbox 223 939 410 1021; x_wconf 84' lang='lat' dir='ltr'><strong>sauguinem</strong></span> <span class='ocrx_word' id='word_1_76' title='bbox 438 956 497 1019; x_wconf 90' lang='lat' dir='ltr'><strong>per</strong></span> <span class='ocrx_word' id='word_1_77' title='bbox 526 936 667 995; x_wconf 83' lang='lat' dir='ltr'><strong>triduum</strong></span> <span class='ocrx_word' id='word_1_78' title='bbox 695 954 725 996; x_wconf 92' lang='lat' dir='ltr'><strong>et</strong></span> <span class='ocrx_word' id='word_1_79' title='bbox 748 937 824 997; x_wconf 88' lang='lat' dir='ltr'><strong>duas</strong></span> <span class='ocrx_word' id='word_1_80' title='bbox 856 954 969 998; x_wconf 87' lang='lat' dir='ltr'><strong>noctes</strong></span> <span class='ocrx_word' id='word_1_81' title='bbox 999 929 1147 1019; x_wconf 80' lang='lat' dir='ltr'><strong>manasse.</strong></span> 
     </span>
     <span class='ocr_line' id='line_1_11' title="bbox 140 1020 1149 1105; baseline -0.004 -20"><span class='ocrx_word' id='word_1_82' title='bbox 140 1028 191 1085; x_wconf 91' lang='lat' dir='ltr'><strong>Ob</strong></span> <span class='ocrx_word' id='word_1_83' title='bbox 212 1025 248 1085; x_wconf 78' lang='lat' dir='ltr'><strong>iti</strong></span> <span class='ocrx_word' id='word_1_84' title='bbox 267 1027 405 1085; x_wconf 83' lang='lat' dir='ltr'><strong>maxime</strong></span> <span class='ocrx_word' id='word_1_85' title='bbox 429 1020 602 1082; x_wconf 72' lang='lat' dir='ltr'><strong>debemviri</strong></span> <span class='ocrx_word' id='word_1_86' title='bbox 625 1023 723 1083; x_wconf 83' lang='lat' dir='ltr'><strong>libros</strong></span> <span class='ocrx_word' id='word_1_87' title='bbox 740 1021 830 1087; x_wconf 84' lang='lat' dir='ltr'><strong>adire</strong></span> <span class='ocrx_word' id='word_1_88' title='bbox 844 1022 932 1104; x_wconf 74' lang='lat' dir='ltr'><strong>iussi,</strong></span> <span class='ocrx_word' id='word_1_89' title='bbox 956 1021 1149 1105; x_wconf 79' lang='lat' dir='ltr'><strong>supplicatio·</strong></span> 
     </span>
     <span class='ocr_line' id='line_1_12' title="bbox 137 1106 1151 1191; baseline -0.005 -21"><span class='ocrx_word' id='word_1_90' title='bbox 137 1133 217 1171; x_wconf 89' lang='lat' dir='ltr'><strong>nem</strong></span> <span class='ocrx_word' id='word_1_91' title='bbox 239 1112 276 1171; x_wconf 87' lang='lat' dir='ltr'><strong>in</strong></span> <span class='ocrx_word' id='word_1_92' title='bbox 293 1106 380 1171; x_wconf 82' lang='lat' dir='ltr'><strong>diem</strong></span> <span class='ocrx_word' id='word_1_93' title='bbox 394 1130 497 1169; x_wconf 81' lang='lat' dir='ltr'><strong>unuin</strong></span> <span class='ocrx_word' id='word_1_94' title='bbox 521 1111 638 1191; x_wconf 88' lang='lat' dir='ltr'><strong>populo</strong></span> <span class='ocrx_word' id='word_1_95' title='bbox 656 1110 844 1184; x_wconf 79' lang='lat' dir='ltr'><strong>edixerunt,</strong></span> <span class='ocrx_word' id='word_1_96' title='bbox 870 1126 901 1169; x_wconf 90' lang='lat' dir='ltr'><strong>et</strong></span> <span class='ocrx_word' id='word_1_97' title='bbox 923 1109 1151 1191; x_wconf 82' lang='lat' dir='ltr'><strong>quinquaginta</strong></span> 
     </span>
     <span class='ocr_line' id='line_1_13' title="bbox 139 1194 1149 1279; baseline -0.004 -23"><span class='ocrx_word' id='word_1_98' title='bbox 139 1199 242 1279; x_wconf 88' lang='lat' dir='ltr'><strong>capris</strong></span> <span class='ocrx_word' id='word_1_99' title='bbox 265 1199 302 1257; x_wconf 91' lang='lat' dir='ltr'><strong>in</strong></span> <span class='ocrx_word' id='word_1_100' title='bbox 327 1196 398 1255; x_wconf 88' lang='lat' dir='ltr'><strong>soro</strong></span> <span class='ocrx_word' id='word_1_101' title='bbox 421 1194 687 1255; x_wconf 61' lang='lat' dir='ltr'><strong>mulcaverunt.</strong></span> <span class='ocrx_word' id='word_1_102' title='bbox 732 1213 763 1255; x_wconf 91' lang='lat' dir='ltr'><strong>et</strong></span> <span class='ocrx_word' id='word_1_103' title='bbox 779 1197 913 1256; x_wconf 84' lang='lat' dir='ltr'><strong>aliorum</strong></span> <span class='ocrx_word' id='word_1_104' title='bbox 934 1194 1149 1277; x_wconf 73' lang='lat' dir='ltr'><strong>prodigiorum</strong></span> 
     </span>
     <span class='ocr_line' id='line_1_14' title="bbox 141 1280 1147 1364; baseline -0.005 -22"><span class='ocrx_word' id='word_1_105' title='bbox 141 1282 234 1342; x_wconf 86' lang='lat' dir='ltr'><strong>causa&#39;</strong></span> <span class='ocrx_word' id='word_1_106' title='bbox 253 1281 338 1342; x_wconf 82' lang='lat' dir='ltr'><strong>die&#39;m</strong></span> <span class='ocrx_word' id='word_1_107' title='bbox 360 1283 494 1351; x_wconf 85' lang='lat' dir='ltr'><strong>alterum</strong></span> <span class='ocrx_word' id='word_1_108' title='bbox 517 1280 703 1364; x_wconf 80' lang='lat' dir='ltr'><strong>supplicatio</strong></span> <span class='ocrx_word' id='word_1_109' title='bbox 732 1283 815 1344; x_wconf 89' lang='lat' dir='ltr'><strong>circa</strong></span> <span class='ocrx_word' id='word_1_110' title='bbox 833 1283 946 1342; x_wconf 79' lang='lat' dir='ltr'><strong>otnbia</strong></span> <span class='ocrx_word' id='word_1_111' title='bbox 968 1280 1147 1364; x_wconf 75' lang='lat' dir='ltr'><strong>&#39;pulvinaria</strong></span> 
     </span>
    </p>

    <p class='ocr_par' dir='ltr' id='par_1_5' title="bbox 70 1366 1175 1711">
     <span class='ocr_line' id='line_1_15' title="bbox 70 1366 1175 1451; baseline -0.004 -22"><span class='ocrx_word' id='word_1_112' title='bbox 70 1383 74 1389; x_wconf 84' lang='lat'>&#39;</span> <span class='ocrx_word' id='word_1_113' title='bbox 140 1367 218 1444; x_wconf 82' lang='lat' dir='ltr'><strong>suit,</strong></span> <span class='ocrx_word' id='word_1_114' title='bbox 254 1384 286 1427; x_wconf 85' lang='lat' dir='ltr'><strong>et</strong></span> <span class='ocrx_word' id='word_1_115' title='bbox 306 1366 414 1451; x_wconf 82' lang='lat' dir='ltr'><strong>hostiis</strong></span> <span class='ocrx_word' id='word_1_116' title='bbox 434 1367 604 1449; x_wconf 71' lang='lat' dir='ltr'><strong>majoribus</strong></span> <span class='ocrx_word' id='word_1_117' title='bbox 629 1368 833 1429; x_wconf 72' lang='lat' dir='ltr'><strong>sacrificatum</strong></span> <span class='ocrx_word' id='word_1_118' title='bbox 857 1368 918 1444; x_wconf 90' lang='lat' dir='ltr'><strong>est,</strong></span> <span class='ocrx_word' id='word_1_119' title='bbox 958 1383 989 1427; x_wconf 91' lang='lat' dir='ltr'><strong>et</strong></span> <span class='ocrx_word' id='word_1_120' title='bbox 1012 1370 1091 1427; x_wconf 91' lang='lat' dir='ltr'><strong>urbs</strong></span> <span class='ocrx_word' id='word_1_121' title='bbox 1107 1368 1145 1425; x_wconf 86' lang='lat' dir='ltr'><strong>lu·</strong></span> <span class='ocrx_word' id='word_1_122' title='bbox 1172 1388 1175 1395; x_wconf 85' lang='grc'><strong>’</strong></span> 
     </span>
     <span class='ocr_line' id='line_1_16' title="bbox 140 1452 1147 1535; baseline -0.004 -21"><span class='ocrx_word' id='word_1_123' title='bbox 140 1454 245 1514; x_wconf 86' lang='lat' dir='ltr'><strong>strata.</strong></span> <span class='ocrx_word' id='word_1_124' title='bbox 300 1452 404 1526; x_wconf 79' lang='lat' dir='ltr'><strong>Inde,</strong></span> <span class='ocrx_word' id='word_1_125' title='bbox 438 1452 523 1535; x_wconf 88' lang='lat' dir='ltr'><strong>quod</strong></span> <span class='ocrx_word' id='word_1_126' title='bbox 544 1453 585 1513; x_wconf 87' lang='lat' dir='ltr'><strong>ad</strong></span> <span class='ocrx_word' id='word_1_127' title='bbox 609 1455 776 1515; x_wconf 80' lang='lat' dir='ltr'><strong>honorem</strong></span> <span class='ocrx_word' id='word_1_128' title='bbox 792 1454 902 1515; x_wconf 75' lang='lat' dir='ltr'><strong>Derim</strong></span> <span class='ocrx_word' id='word_1_129' title='bbox 923 1454 1147 1525; x_wconf 75' lang='lat' dir='ltr'><strong>immortalium</strong></span> 
     </span>
     <span class='ocr_line' id='line_1_17' title="bbox 140 1536 1148 1623; baseline -0.001 -25"><span class='ocrx_word' id='word_1_130' title='bbox 140 1541 339 1623; x_wconf 81' lang='lat' dir='ltr'><strong>pertineret,</strong></span> <span class='ocrx_word' id='word_1_131' title='bbox 375 1539 520 1605; x_wconf 64' lang='lat' dir='ltr'><strong>⁴,decrevit</strong></span> <span class='ocrx_word' id='word_1_132' title='bbox 547 1540 691 1617; x_wconf 75' lang='lat' dir='ltr'><strong>senatus,</strong></span> <span class='ocrx_word' id='word_1_133' title='bbox 723 1540 792 1609; x_wconf 82' lang='lat' dir='ltr'><strong>·Ut,</strong></span> <span class='ocrx_word' id='word_1_134' title='bbox 830 1545 966 1622; x_wconf 82' lang='lat' dir='ltr'><strong>quoniam</strong></span> <span class='ocrx_word' id='word_1_135' title='bbox 990 1536 1148 1620; x_wconf 70' lang='lat' dir='ltr'><strong>perduelles</strong></span> 
     </span>
     <span class='ocr_line' id='line_1_18' title="bbox 133 1624 1157 1711; baseline -0.002 -28"><span class='ocrx_word' id='word_1_136' title='bbox 133 1624 295 1709; x_wconf 81' lang='lat' dir='ltr'><strong>superati,</strong></span> <span class='ocrx_word' id='word_1_137' title='bbox 334 1624 456 1708; x_wconf 74' lang='lat' dir='ltr'><strong>Perseus</strong></span> <span class='ocrx_word' id='word_1_138' title='bbox 482 1645 511 1685; x_wconf 79' lang='lat' dir='ltr'><strong>et</strong></span> <span class='ocrx_word' id='word_1_139' title='bbox 537 1624 662 1687; x_wconf 81' lang='lat' dir='ltr'><strong>Gentius</strong></span> <span class='ocrx_word' id='word_1_140' title='bbox 683 1648 768 1711; x_wconf 84' lang='lat' dir='ltr'><strong>reges</strong></span> <span class='ocrx_word' id='word_1_141' title='bbox 790 1647 852 1688; x_wconf 84' lang='lat' dir='ltr'><strong>cum</strong></span> <span class='ocrx_word' id='word_1_142' title='bbox 874 1624 1054 1689; x_wconf 75' lang='lat' dir='ltr'><strong>Macedonia</strong></span> <span class='ocrx_word' id='word_1_143' title='bbox 1072 1638 1157 1711; x_wconf 51' lang='lat' dir='ltr'><strong>atqu,</strong></span> 
     </span>
    </p>

    <p class='ocr_par' dir='ltr' id='par_1_6' title="bbox 82 1702 1144 1970">
     <span class='ocr_line' id='line_1_19' title="bbox 82 1702 1144 1795; baseline 0 -26"><span class='ocrx_word' id='word_1_144' title='bbox 82 1770 85 1775; x_wconf 79' lang='grc'><strong>,</strong></span> <span class='ocrx_word' id='word_1_145' title='bbox 144 1710 267 1795; x_wconf 75' lang='lat' dir='ltr'><strong>illyrico</strong></span> <span class='ocrx_word' id='word_1_146' title='bbox 299 1715 329 1771; x_wconf 81' lang='lat' dir='ltr'><strong>in</strong></span> <span class='ocrx_word' id='word_1_147' title='bbox 358 1708 496 1793; x_wconf 74' lang='lat' dir='ltr'><strong>poteslate</strong></span> <span class='ocrx_word' id='word_1_148' title='bbox 524 1711 632 1793; x_wconf 72' lang='lat' dir='ltr'><strong>papirii</strong></span> <span class='ocrx_word' id='word_1_149' title='bbox 655 1710 780 1773; x_wconf 75' lang='lat' dir='ltr'><strong>Romani</strong></span> <span class='ocrx_word' id='word_1_150' title='bbox 810 1702 915 1795; x_wconf 74' lang='lat' dir='ltr'><strong>iffent,</strong></span> <span class='ocrx_word' id='word_1_151' title='bbox 956 1730 1013 1787; x_wconf 82' lang='lat' dir='ltr'><strong>ut,</strong></span> <span class='ocrx_word' id='word_1_152' title='bbox 1051 1727 1144 1792; x_wconf 75' lang='lat' dir='ltr'><strong>quaen</strong></span> 
     </span>
     <span class='ocr_line' id='line_1_20' title="bbox 144 1795 1141 1880; baseline -0.003 -24"><span class='ocrx_word' id='word_1_153' title='bbox 144 1796 235 1871; x_wconf 75' lang='lat' dir='ltr'><strong>dona,</strong></span> <span class='ocrx_word' id='word_1_154' title='bbox 281 1800 341 1880; x_wconf 76' lang='lat' dir='ltr'><strong>Ap.</strong></span> <span class='ocrx_word' id='word_1_155' title='bbox 376 1796 520 1879; x_wconf 67' lang='lat' dir='ltr'><strong>Claudio,</strong></span> <span class='ocrx_word' id='word_1_156' title='bbox 557 1797 605 1856; x_wconf 89' lang='lat' dir='ltr'><strong>M.</strong></span> <span class='ocrx_word' id='word_1_157' title='bbox 633 1797 803 1878; x_wconf 55' lang='lat' dir='ltr'><strong>Sempronio</strong></span> <span class='ocrx_word' id='word_1_158' title='bbox 824 1795 1009 1880; x_wconf 73' lang='lat' dir='ltr'><strong>consulibus,</strong></span> <span class='ocrx_word' id='word_1_159' title='bbox 1048 1796 1083 1857; x_wconf 80' lang='lat' dir='ltr'><strong>ost</strong></span> <span class='ocrx_word' id='word_1_160' title='bbox 1106 1795 1141 1853; x_wconf 69' lang='lat' dir='ltr'><strong>dt</strong></span> 
     </span>
     <span class='ocr_line' id='line_1_21' title="bbox 141 1879 1140 1970; baseline -0.003 -28"><span class='ocrx_word' id='word_1_161' title='bbox 141 1887 251 1944; x_wconf 79' lang='lat' dir='ltr'><strong>victum</strong></span> <span class='ocrx_word' id='word_1_162' title='bbox 274 1881 451 1944; x_wconf 76' lang='lat' dir='ltr'><strong>Aneto&#39;ctum</strong></span> <span class='ocrx_word' id='word_1_163' title='bbox 471 1905 569 1970; x_wconf 79' lang='lat' dir='ltr'><strong>regem</strong></span> <span class='ocrx_word' id='word_1_164' title='bbox 593 1884 660 1944; x_wconf 73' lang='lat' dir='ltr'><strong>alata</strong></span> <span class='ocrx_word' id='word_1_165' title='bbox 681 1884 719 1945; x_wconf 80' lang='lat' dir='ltr'><strong>aas</strong></span> <span class='ocrx_word' id='word_1_166' title='bbox 741 1889 835 1946; x_wconf 77' lang='lat' dir='ltr'><strong>omnia</strong></span> <span class='ocrx_word' id='word_1_167' title='bbox 858 1883 1035 1966; x_wconf 79' lang='lat' dir='ltr'><strong>puluinaria</strong></span> <span class='ocrx_word' id='word_1_168' title='bbox 1058 1879 1140 1963; x_wconf 72' lang='lat' dir='ltr'><strong>effeta,</strong></span> 
     </span>
    </p>

    <p class='ocr_par' dir='ltr' id='par_1_7' title="bbox 141 1966 1137 2054">
     <span class='ocr_line' id='line_1_22' title="bbox 141 1966 1137 2054; baseline -0.003 -25"><span class='ocrx_word' id='word_1_169' title='bbox 141 1973 227 2031; x_wconf 71' lang='lat' dir='ltr'><strong>tenea</strong></span> <span class='ocrx_word' id='word_1_170' title='bbox 263 1969 302 2048; x_wconf 79' lang='lat' dir='ltr'><strong>Q.</strong></span> <span class='ocrx_word' id='word_1_171' title='bbox 332 1968 445 2053; x_wconf 76' lang='lat' dir='ltr'><strong>Caffiiet</strong></span> <span class='ocrx_word' id='word_1_172' title='bbox 473 1991 502 2032; x_wconf 80' lang='lat' dir='ltr'><strong>er</strong></span> <span class='ocrx_word' id='word_1_173' title='bbox 540 1969 601 2030; x_wconf 63' lang='lat' dir='ltr'><strong>M&#39;«</strong></span> <span class='ocrx_word' id='word_1_174' title='bbox 633 1966 791 2033; x_wconf 80' lang='lat' dir='ltr'><strong>Iuventius</strong></span> <span class='ocrx_word' id='word_1_175' title='bbox 819 1990 980 2054; x_wconf 82' lang='lat' dir='ltr'><strong>praetores</strong></span> <span class='ocrx_word' id='word_1_176' title='bbox 1009 1982 1137 2031; x_wconf 74' lang='lat' dir='ltr'><strong>curarent</strong></span> 
     </span>
    </p>
   </div>
   <div class='ocr_carea' id='block_1_3' title="bbox 60 2054 256 2133">
    <p class='ocr_par' dir='ltr' id='par_1_8' title="bbox 60 2054 256 2133">
     <span class='ocr_line' id='line_1_23' title="bbox 60 2054 256 2133; baseline -0.005 -16"><span class='ocrx_word' id='word_1_177' title='bbox 60 2104 71 2117; x_wconf 69' lang='lat'><strong>.</strong></span> <span class='ocrx_word' id='word_1_178' title='bbox 143 2054 256 2133; x_wconf 60' lang='lat' dir='ltr'><strong>danda.</strong></span> 
     </span>
    </p>
   </div>
   <div class='ocr_carea' id='block_1_4' title="bbox 44 2208 1155 3839">
    <p class='ocr_par' dir='ltr' id='par_1_9' title="bbox 44 2208 1155 3839">
     <span class='ocr_line' id='line_1_24' title="bbox 228 2208 1155 2313; baseline -0.002 -25"><span class='ocrx_word' id='word_1_179' title='bbox 228 2230 327 2291; x_wconf 88' lang='lat' dir='ltr'><strong>XVII.</strong></span> <span class='ocrx_word' id='word_1_180' title='bbox 348 2230 477 2311; x_wconf 84' lang='lat' dir='ltr'><strong>Legatos</strong></span> <span class='ocrx_word' id='word_1_181' title='bbox 500 2228 638 2306; x_wconf 82' lang='lat' dir='ltr'><strong>deinde,</strong></span> <span class='ocrx_word' id='word_1_182' title='bbox 671 2250 807 2313; x_wconf 87' lang='lat' dir='ltr'><strong>quorum</strong></span> <span class='ocrx_word' id='word_1_183' title='bbox 829 2226 869 2288; x_wconf 87' lang='lat' dir='ltr'><strong>de</strong></span> <span class='ocrx_word' id='word_1_184' title='bbox 883 2227 1046 2290; x_wconf 82' lang='lat' dir='ltr'><strong>sententia</strong></span> <span class='ocrx_word' id='word_1_185' title='bbox 1061 2208 1155 2305; x_wconf 83' lang='lat' dir='ltr'><strong>impe-¹</strong></span> 
     </span>
     <span class='ocr_line' id='line_1_25' title="bbox 78 2312 1141 2397; baseline -0.003 -24"><span class='ocrx_word' id='word_1_186' title='bbox 78 2330 80 2335; x_wconf 82' lang='lat'>&#39;</span> <span class='ocrx_word' id='word_1_187' title='bbox 143 2329 263 2376; x_wconf 87' lang='lat' dir='ltr'><strong>ratores</strong></span> <span class='ocrx_word' id='word_1_188' title='bbox 274 2318 322 2386; x_wconf 68' lang='lat' dir='ltr'><strong>t.</strong></span> <span class='ocrx_word' id='word_1_189' title='bbox 341 2316 480 2393; x_wconf 84' lang='lat' dir='ltr'><strong>Paullus,</strong></span> <span class='ocrx_word' id='word_1_190' title='bbox 505 2319 538 2377; x_wconf 89' lang='lat' dir='ltr'><strong>L.</strong></span> <span class='ocrx_word' id='word_1_191' title='bbox 551 2315 687 2378; x_wconf 83' lang='lat' dir='ltr'><strong>Anicius</strong></span> <span class='ocrx_word' id='word_1_192' title='bbox 703 2331 938 2397; x_wconf 83' lang='lat' dir='ltr'><strong>componerent</strong></span> <span class='ocrx_word' id='word_1_193' title='bbox 956 2336 1028 2390; x_wconf 86' lang='lat' dir='ltr'><strong>res,</strong></span> <span class='ocrx_word' id='word_1_194' title='bbox 1053 2312 1141 2373; x_wconf 69' lang='lat' dir='ltr'><strong>decre</strong></span> 
     </span>
     <span class='ocr_line' id='line_1_26' title="bbox 141 2385 1140 2484; baseline -0.001 -23"><span class='ocrx_word' id='word_1_195' title='bbox 141 2418 259 2461; x_wconf 83' lang='lat' dir='ltr'><strong>verunt</strong></span> <span class='ocrx_word' id='word_1_196' title='bbox 283 2401 395 2461; x_wconf 89' lang='lat' dir='ltr'><strong>decem</strong></span> <span class='ocrx_word' id='word_1_197' title='bbox 417 2404 455 2471; x_wconf 83' lang='lat' dir='ltr'><strong>in</strong></span> <span class='ocrx_word' id='word_1_198' title='bbox 474 2385 717 2478; x_wconf 75' lang='lat' dir='ltr'><strong>Macedo&#39;niam,</strong></span> <span class='ocrx_word' id='word_1_199' title='bbox 758 2403 899 2484; x_wconf 86' lang='lat' dir='ltr'><strong>quinque</strong></span> <span class='ocrx_word' id='word_1_200' title='bbox 922 2402 958 2462; x_wconf 90' lang='lat' dir='ltr'><strong>in</strong></span> <span class='ocrx_word' id='word_1_201' title='bbox 982 2399 1140 2480; x_wconf 65' lang='lat' dir='ltr'><strong>illyricum·</strong></span> 
     </span>
     <span class='ocr_line' id='line_1_27' title="bbox 142 2482 1142 2565; baseline -0.001 -22"><span class='ocrx_word' id='word_1_202' title='bbox 142 2486 185 2543; x_wconf 88' lang='lat' dir='ltr'><strong>In</strong></span> <span class='ocrx_word' id='word_1_203' title='bbox 201 2486 426 2548; x_wconf 84' lang='lat' dir='ltr'><strong>Macedoniam</strong></span> <span class='ocrx_word' id='word_1_204' title='bbox 441 2487 515 2548; x_wconf 90' lang='lat' dir='ltr'><strong>sunt</strong></span> <span class='ocrx_word' id='word_1_205' title='bbox 534 2490 569 2550; x_wconf 92' lang='lat' dir='ltr'><strong>bi</strong></span> <span class='ocrx_word' id='word_1_206' title='bbox 582 2490 761 2565; x_wconf 88' lang='lat' dir='ltr'><strong>nominati,</strong></span> <span class='ocrx_word' id='word_1_207' title='bbox 782 2486 822 2549; x_wconf 83' lang='lat' dir='ltr'><strong>A.</strong></span> <span class='ocrx_word' id='word_1_208' title='bbox 843 2488 1017 2565; x_wconf 83' lang='lat' dir='ltr'><strong>Postumius</strong></span> <span class='ocrx_word' id='word_1_209' title='bbox 1034 2482 1142 2553; x_wconf 72' lang='lat' dir='ltr'><strong>Luscus.</strong></span> 
     </span>
     <span class='ocr_line' id='line_1_28' title="bbox 142 2567 1143 2650; baseline -0.002 -19"><span class='ocrx_word' id='word_1_210' title='bbox 142 2572 176 2631; x_wconf 91' lang='lat' dir='ltr'><strong>C.</strong></span> <span class='ocrx_word' id='word_1_211' title='bbox 194 2571 358 2648; x_wconf 87' lang='lat' dir='ltr'><strong>Claudius,</strong></span> <span class='ocrx_word' id='word_1_212' title='bbox 389 2577 656 2650; x_wconf 69' lang='lat' dir='ltr'><strong>ambocensorii,</strong></span> <span class='ocrx_word' id='word_1_213' title='bbox 680 2578 713 2636; x_wconf 87' lang='lat' dir='ltr'><strong>C.</strong></span> <span class='ocrx_word' id='word_1_214' title='bbox 739 2575 878 2635; x_wconf 86' lang='lat' dir='ltr'><strong>Licinius</strong></span> <span class='ocrx_word' id='word_1_215' title='bbox 899 2573 1044 2646; x_wconf 76' lang='lat' dir='ltr'><strong>Crassus,</strong></span> <span class='ocrx_word' id='word_1_216' title='bbox 1064 2567 1143 2629; x_wconf 73' lang='lat' dir='ltr'><strong>colle·</strong></span> 
     </span>
     <span class='ocr_line' id='line_1_29' title="bbox 140 2653 1144 2746; baseline -0.002 -32"><span class='ocrx_word' id='word_1_217' title='bbox 140 2676 180 2738; x_wconf 84' lang='lat' dir='ltr'><strong>ga</strong></span> <span class='ocrx_word' id='word_1_218' title='bbox 195 2657 232 2715; x_wconf 91' lang='lat' dir='ltr'><strong>in</strong></span> <span class='ocrx_word' id='word_1_219' title='bbox 248 2658 414 2718; x_wconf 88' lang='lat' dir='ltr'><strong>consulatu</strong></span> <span class='ocrx_word' id='word_1_220' title='bbox 434 2662 552 2737; x_wconf 76' lang='lat' dir='ltr'><strong>Pau1fi3</strong></span> <span class='ocrx_word' id='word_1_221' title='bbox 581 2679 650 2722; x_wconf 89' lang='lat' dir='ltr'><strong>tum</strong></span> <span class='ocrx_word' id='word_1_222' title='bbox 674 2676 844 2746; x_wconf 84' lang='lat' dir='ltr'><strong>prorogato</strong></span> <span class='ocrx_word' id='word_1_223' title='bbox 867 2653 1144 2743; x_wconf 70' lang='lat' dir='ltr'><strong>imperio-provin</strong></span> 
     </span>
     <span class='ocr_line' id='line_1_30' title="bbox 140 2741 1143 2833; baseline -0.006 -30"><span class='ocrx_word' id='word_1_224' title='bbox 140 2743 223 2803; x_wconf 84' lang='lat' dir='ltr'><strong>ciam</strong></span> <span class='ocrx_word' id='word_1_225' title='bbox 244 2744 384 2803; x_wconf 88' lang='lat' dir='ltr'><strong>Galliam</strong></span> <span class='ocrx_word' id='word_1_226' title='bbox 406 2743 550 2808; x_wconf 75' lang='lat' dir='ltr'><strong>habebat.</strong></span> <span class='ocrx_word' id='word_1_227' title='bbox 591 2750 654 2833; x_wconf 50' lang='lat' dir='ltr'><strong>,His</strong></span> <span class='ocrx_word' id='word_1_228' title='bbox 678 2748 893 2808; x_wconf 84' lang='lat' dir='ltr'><strong>consularibus</strong></span> <span class='ocrx_word' id='word_1_229' title='bbox 918 2743 1069 2830; x_wconf 65' lang='lat' dir='ltr'><strong>addidere</strong></span> <span class='ocrx_word' id='word_1_230' title='bbox 1093 2741 1143 2799; x_wconf 78' lang='lat' dir='ltr'><strong>Cn·</strong></span> 
     </span>
     <span class='ocr_line' id='line_1_31' title="bbox 63 2824 1141 2915; baseline -0.003 -25"><span class='ocrx_word' id='word_1_231' title='bbox 63 2843 67 2852; x_wconf 91' lang='lat'>&#39;</span> <span class='ocrx_word' id='word_1_232' title='bbox 139 2826 322 2893; x_wconf 84' lang='lat' dir='ltr'><strong>Domitium</strong></span> <span class='ocrx_word' id='word_1_233' title='bbox 344 2830 622 2911; x_wconf 79' lang='lat' dir='ltr'><strong>Ahenobarbtuu,</strong></span> <span class='ocrx_word' id='word_1_234' title='bbox 648 2837 714 2909; x_wconf 89' lang='lat' dir='ltr'><strong>Ser,</strong></span> <span class='ocrx_word' id='word_1_235' title='bbox 738 2825 925 2911; x_wconf 82' lang='lat' dir='ltr'><strong>Cornelium</strong></span> <span class='ocrx_word' id='word_1_236' title='bbox 950 2833 1088 2915; x_wconf 78' lang='lat' dir='ltr'><strong>Sullam,</strong></span> <span class='ocrx_word' id='word_1_237' title='bbox 1115 2824 1141 2887; x_wconf 79' lang='lat' dir='ltr'>L</span> 
     </span>
     <span class='ocr_line' id='line_1_32' title="bbox 71 2915 1143 3003; baseline 0.002 -27"><span class='ocrx_word' id='word_1_238' title='bbox 71 2992 75 3003; x_wconf 27' lang='grc' dir='ltr'>ἱ</span> <span class='ocrx_word' id='word_1_239' title='bbox 139 2916 290 2992; x_wconf 90' lang='lat' dir='ltr'><strong>Junium,</strong></span> <span class='ocrx_word' id='word_1_240' title='bbox 327 2918 361 2977; x_wconf 90' lang='lat' dir='ltr'><strong>C.</strong></span> <span class='ocrx_word' id='word_1_241' title='bbox 384 2915 558 2979; x_wconf 87' lang='lat' dir='ltr'><strong>Antistium</strong></span> <span class='ocrx_word' id='word_1_242' title='bbox 580 2922 783 2994; x_wconf 84' lang='lat' dir='ltr'><strong>Labeonem,</strong></span> <span class='ocrx_word' id='word_1_243' title='bbox 814 2921 852 2979; x_wconf 92' lang='lat' dir='ltr'><strong>T.</strong></span> <span class='ocrx_word' id='word_1_244' title='bbox 878 2917 1059 2980; x_wconf 81' lang='lat' dir='ltr'><strong>Numisium</strong></span> <span class='ocrx_word' id='word_1_245' title='bbox 1083 2915 1143 2996; x_wconf 53' lang='lat' dir='ltr'><strong>‘str-</strong></span> 
     </span>
     <span class='ocr_line' id='line_1_33' title="bbox 139 2996 1143 3087; baseline -0.001 -26"><span class='ocrx_word' id='word_1_246' title='bbox 139 3002 360 3084; x_wconf 84' lang='lat' dir='ltr'><strong>quiniensem,</strong></span> <span class='ocrx_word' id='word_1_247' title='bbox 395 3002 436 3064; x_wconf 84' lang='lat' dir='ltr'><strong>A.</strong></span> <span class='ocrx_word' id='word_1_248' title='bbox 460 3006 652 3066; x_wconf 90' lang='lat' dir='ltr'><strong>Terentium</strong></span> <span class='ocrx_word' id='word_1_249' title='bbox 684 3010 873 3087; x_wconf 69' lang='lat' dir='ltr'><strong>Varronem.</strong></span> <span class='ocrx_word' id='word_1_250' title='bbox 927 3005 980 3064; x_wconf 59' lang='lat' dir='ltr'><strong>In&#39;</strong></span> <span class='ocrx_word' id='word_1_251' title='bbox 995 2996 1143 3084; x_wconf 70' lang='lat' dir='ltr'><strong>Illyrium</strong></span> 
     </span>
     <span class='ocr_line' id='line_1_34' title="bbox 138 3080 1143 3175; baseline 0.003 -28"><span class='ocrx_word' id='word_1_252' title='bbox 138 3105 246 3148; x_wconf 80' lang='lat' dir='ltr'><strong>autem</strong></span> <span class='ocrx_word' id='word_1_253' title='bbox 268 3089 304 3149; x_wconf 89' lang='lat' dir='ltr'><strong>bi</strong></span> <span class='ocrx_word' id='word_1_254' title='bbox 327 3091 507 3167; x_wconf 86' lang='lat' dir='ltr'><strong>nominati,</strong></span> <span class='ocrx_word' id='word_1_255' title='bbox 536 3094 567 3152; x_wconf 93' lang='lat' dir='ltr'><strong>P.</strong></span> <span class='ocrx_word' id='word_1_256' title='bbox 586 3090 697 3154; x_wconf 84' lang='lat' dir='ltr'><strong>Aelius</strong></span> <span class='ocrx_word' id='word_1_257' title='bbox 717 3094 809 3175; x_wconf 83' lang='lat' dir='ltr'><strong>Ligus</strong></span> <span class='ocrx_word' id='word_1_258' title='bbox 831 3090 1027 3164; x_wconf 83' lang='lat' dir='ltr'><strong>consularis,</strong></span> <span class='ocrx_word' id='word_1_259' title='bbox 1061 3091 1094 3166; x_wconf 89' lang='lat' dir='ltr'>C</span> <span class='ocrx_word' id='word_1_260' title='bbox 1108 3080 1143 3144; x_wconf 55' lang='grc' dir='ltr'><strong>Εἰ</strong></span> 
     </span>
     <span class='ocr_line' id='line_1_35' title="bbox 75 3172 1144 3261; baseline 0.001 -29"><span class='ocrx_word' id='word_1_261' title='bbox 75 3238 77 3245; x_wconf 54' lang='grc'>,</span> <span class='ocrx_word' id='word_1_262' title='bbox 139 3174 280 3260; x_wconf 81' lang='lat' dir='ltr'><strong>cerejus,</strong></span> <span class='ocrx_word' id='word_1_263' title='bbox 314 3192 344 3235; x_wconf 91' lang='lat' dir='ltr'><strong>et</strong></span> <span class='ocrx_word' id='word_1_264' title='bbox 369 3179 428 3238; x_wconf 88' lang='lat' dir='ltr'><strong>Cn.</strong></span> <span class='ocrx_word' id='word_1_265' title='bbox 452 3174 587 3238; x_wconf 85' lang='lat' dir='ltr'><strong>Baebius</strong></span> <span class='ocrx_word' id='word_1_266' title='bbox 605 3172 812 3261; x_wconf 86' lang='lat' dir='ltr'><strong>Tamphilus,</strong></span> <span class='ocrx_word' id='word_1_267' title='bbox 847 3180 914 3253; x_wconf 84' lang='lat' dir='ltr'><strong>(bic</strong></span> <span class='ocrx_word' id='word_1_268' title='bbox 936 3174 1048 3260; x_wconf 80' lang='lat' dir='ltr'><strong>priore</strong></span> <span class='ocrx_word' id='word_1_269' title='bbox 1062 3188 1144 3241; x_wconf 64' lang='lat' dir='ltr'><strong>annu</strong></span> 
     </span>
     <span class='ocr_line' id='line_1_36' title="bbox 89 3259 1121 3348; baseline 0.002 -31"><span class='ocrx_word' id='word_1_270' title='bbox 89 3338 95 3345; x_wconf 22' lang='grc' dir='ltr'>η</span> <span class='ocrx_word' id='word_1_271' title='bbox 140 3259 299 3342; x_wconf 72' lang='lat' dir='ltr'><strong>Cicereius</strong></span> <span class='ocrx_word' id='word_1_272' title='bbox 323 3262 429 3326; x_wconf 83' lang='lat' dir='ltr'><strong>multis</strong></span> <span class='ocrx_word' id='word_1_273' title='bbox 454 3281 530 3324; x_wconf 89' lang='lat' dir='ltr'><strong>ante</strong></span> <span class='ocrx_word' id='word_1_274' title='bbox 546 3265 642 3325; x_wconf 81' lang='lat' dir='ltr'><strong>annis</strong></span> <span class='ocrx_word' id='word_1_275' title='bbox 660 3263 923 3348; x_wconf 83' lang='lat' dir='ltr'><strong>praetor-suerat)</strong></span> <span class='ocrx_word' id='word_1_276' title='bbox 937 3265 970 3324; x_wconf 93' lang='lat' dir='ltr'><strong>P.</strong></span> <span class='ocrx_word' id='word_1_277' title='bbox 987 3259 1121 3323; x_wconf 85' lang='lat' dir='ltr'><strong>Terenti</strong></span> 
     </span>
     <span class='ocr_line' id='line_1_37' title="bbox 140 3338 1124 3425; baseline 0.003 -24"><span class='ocrx_word' id='word_1_278' title='bbox 140 3338 405 3425; x_wconf 84' lang='lat' dir='ltr'><strong>Tusciveicanus,</strong></span> <span class='ocrx_word' id='word_1_279' title='bbox 432 3353 464 3411; x_wconf 96' lang='lat' dir='ltr'><strong>P.</strong></span> <span class='ocrx_word' id='word_1_280' title='bbox 486 3352 649 3413; x_wconf 77' lang='lat' dir='ltr'><strong>Manilius</strong></span> <span class='ocrx_word' id='word_1_281' title='bbox 694 3351 812 3412; x_wconf 87' lang='lat' dir='ltr'><strong>Moniti</strong></span> <span class='ocrx_word' id='word_1_282' title='bbox 834 3349 961 3412; x_wconf 79' lang='lat' dir='ltr'><strong>deinde</strong></span> <span class='ocrx_word' id='word_1_283' title='bbox 982 3347 1124 3409; x_wconf 73' lang='lat' dir='ltr'><strong>corrsules</strong></span> 
     </span>
     <span class='ocr_line' id='line_1_38' title="bbox 141 3426 1137 3519; baseline 0.009 -33"><span class='ocrx_word' id='word_1_284' title='bbox 141 3430 373 3511; x_wconf 78' lang='lat' dir='ltr'><strong>Patribus,‘ut,</strong></span> <span class='ocrx_word' id='word_1_285' title='bbox 397 3438 552 3519; x_wconf 83' lang='lat' dir='ltr'><strong>quoniam</strong></span> <span class='ocrx_word' id='word_1_286' title='bbox 576 3439 713 3498; x_wconf 84' lang='lat' dir='ltr'><strong>alterum</strong></span> <span class='ocrx_word' id='word_1_287' title='bbox 733 3460 774 3499; x_wconf 80' lang='lat' dir='ltr'><strong>ex</strong></span> <span class='ocrx_word' id='word_1_288' title='bbox 795 3435 846 3499; x_wconf 82' lang='lat' dir='ltr'><strong>bis</strong></span> <span class='ocrx_word' id='word_1_289' title='bbox 868 3434 1041 3497; x_wconf 85' lang='lat' dir='ltr'><strong>succedere</strong></span> <span class='ocrx_word' id='word_1_290' title='bbox 1063 3436 1097 3495; x_wconf 90' lang='lat' dir='ltr'><strong>C.</strong></span> <span class='ocrx_word' id='word_1_291' title='bbox 1131 3426 1137 3441; x_wconf 82' lang='lat'>&#39;</span> 
     </span>
     <span class='ocr_line' id='line_1_39' title="bbox 48 3510 1102 3616; baseline -0.001 -36"><span class='ocrx_word' id='word_1_292' title='bbox 48 3556 55 3565; x_wconf 94' lang='lat'>·</span> <span class='ocrx_word' id='word_1_293' title='bbox 139 3510 248 3591; x_wconf 69' lang='lat' dir='ltr'><strong>ciniis,</strong></span> <span class='ocrx_word' id='word_1_294' title='bbox 273 3520 328 3616; x_wconf 70' lang='lat' dir='ltr'><strong>poi</strong></span> <span class='ocrx_word' id='word_1_295' title='bbox 348 3519 468 3604; x_wconf 80' lang='lat' dir='ltr'><strong>legatus</strong></span> <span class='ocrx_word' id='word_1_296' title='bbox 490 3526 677 3595; x_wconf 78' lang='lat' dir='ltr'><strong>nominatus</strong></span> <span class='ocrx_word' id='word_1_297' title='bbox 700 3520 784 3601; x_wconf 77' lang='lat' dir='ltr'><strong>erat,</strong></span> <span class='ocrx_word' id='word_1_298' title='bbox 815 3525 854 3584; x_wconf 90' lang='lat' dir='ltr'><strong>in</strong></span> <span class='ocrx_word' id='word_1_299' title='bbox 875 3523 1017 3589; x_wconf 81' lang='lat' dir='ltr'><strong>Galliam</strong></span> <span class='ocrx_word' id='word_1_300' title='bbox 1041 3542 1102 3604; x_wconf 90' lang='lat' dir='ltr'><strong>opo</strong></span> 
     </span>
     <span class='ocr_line' id='line_1_40' title="bbox 44 3609 1123 3694; baseline 0.004 -33"><span class='ocrx_word' id='word_1_301' title='bbox 44 3634 48 3639; x_wconf 96' lang='lat'>·</span> <span class='ocrx_word' id='word_1_302' title='bbox 139 3617 209 3677; x_wconf 89' lang='lat' dir='ltr'><strong>ret,</strong></span> <span class='ocrx_word' id='word_1_303' title='bbox 233 3624 340 3684; x_wconf 82' lang='lat' dir='ltr'><strong>prtmo</strong></span> <span class='ocrx_word' id='word_1_304' title='bbox 362 3609 487 3690; x_wconf 76' lang='lat' dir='ltr'><strong>&#39;quoque</strong></span> <span class='ocrx_word' id='word_1_305' title='bbox 505 3627 649 3694; x_wconf 88' lang='lat' dir='ltr'><strong>tempore</strong></span> <span class='ocrx_word' id='word_1_306' title='bbox 666 3611 849 3694; x_wconf 78' lang='lat' dir='ltr'><strong>provincias</strong></span> <span class='ocrx_word' id='word_1_307' title='bbox 869 3625 921 3671; x_wconf 90' lang='lat' dir='ltr'><strong>aut</strong></span> <span class='ocrx_word' id='word_1_308' title='bbox 934 3625 1123 3691; x_wconf 87' lang='lat' dir='ltr'><strong>comparare</strong></span> 
     </span>
     <span class='ocr_line' id='line_1_41' title="bbox 79 3686 1152 3836; baseline 0.002 -80"><span class='ocrx_word' id='word_1_309' title='bbox 79 3742 84 3749; x_wconf 90' lang='lat'><strong>.</strong></span> <span class='ocrx_word' id='word_1_310' title='bbox 133 3686 302 3776; x_wconf 65' lang='lat' dir='ltr'><strong>intense,</strong></span> <span class='ocrx_word' id='word_1_311' title='bbox 332 3708 388 3759; x_wconf 79' lang='lat' dir='ltr'><strong>aut</strong></span> <span class='ocrx_word' id='word_1_312' title='bbox 406 3694 616 3777; x_wconf 75' lang='lat' dir='ltr'><strong>sortiremur,</strong></span> <span class='ocrx_word' id='word_1_313' title='bbox 638 3696 742 3763; x_wconf 81' lang='lat' dir='ltr'><strong>sortiti</strong></span> <span class='ocrx_word' id='word_1_314' title='bbox 760 3695 843 3763; x_wconf 82' lang='lat' dir='ltr'><strong>sunt.</strong></span> <span class='ocrx_word' id='word_1_315' title='bbox 877 3696 1065 3784; x_wconf 34' lang='lat' dir='ltr'><strong>»tls-lunio</strong></span> <span class='ocrx_word' id='word_1_316' title='bbox 1080 3693 1152 3836; x_wconf 59' lang='lat' dir='ltr'><strong>P&#39;l&gt;</strong></span> 
     </span>
     <span class='ocr_line' id='line_1_42' title="bbox 111 3786 1127 3839; baseline 0 -32"><span class='ocrx_word' id='word_1_317' title='bbox 111 3786 119 3807; x_wconf 79' lang='lat' dir='ltr'><strong>e</strong></span> <span class='ocrx_word' id='word_1_318' title='bbox 622 3830 625 3835; x_wconf 94' lang='lat'><strong>.</strong></span> <span class='ocrx_word' id='word_1_319' title='bbox 647 3808 649 3812; x_wconf 80' lang='grc'>,</span> <span class='ocrx_word' id='word_1_320' title='bbox 863 3818 867 3823; x_wconf 25' lang='grc' dir='ltr'><strong>Α</strong></span> <span class='ocrx_word' id='word_1_321' title='bbox 885 3804 891 3813; x_wconf 76' lang='lat'><strong>.</strong></span> <span class='ocrx_word' id='word_1_322' title='bbox 1109 3798 1127 3839; x_wconf 76' lang='grc'><strong>0</strong></span> 
     </span>
    </p>
   </div>
   <div class='ocr_carea' id='block_1_5' title="bbox 0 0 1182 4140">
    <p class='ocr_par' dir='ltr' id='par_1_10' title="bbox 0 0 1182 4140">
     <span class='ocr_line' id='line_1_43' title="bbox 0 0 1182 4140; baseline 0 0"><span class='ocrx_word' id='word_1_323' title='bbox 0 0 1182 4140; x_wconf 95' lang='lat' dir='ltr'><strong> </strong></span> 
     </span>
    </p>
   </div>
  </div>
 </body>
</html>
