2354 4140
120 112 153 213 2'
169 144 327 209 etune
348 120 489 207 xxxxii.
534 108 1052 213 cir.xuv11.xiv111.xuu

300 252 341 309 U.·
362 252 396 309 C.
413 250 487 331 569.

102 367 274 448 ean-quod,
304 386 453 450 utcunque
477 389 510 429 ea
532 365 609 452 gesta
627 365 733 448 effert,
760 385 818 448 per
836 361 1025 424 Demetrium
1035 356 1098 441 fili·

99 475 130 517 m
145 450 295 538 satisfieri
315 451 450 535 voluiffet
473 452 637 515 Romame
659 449 769 518 Multa
790 467 820 511 et
842 444 1038 533 deffensor,
1069 464 1099 507 et

91 538 210 622 illinisti
215 579 227 611 ,
251 558 281 600 et
296 544 541 623 patipraeterita
555 539 683 621 [emm
700 536 794 619 paffe,
817 534 983 597 recredere
999 538 1098 611 etiem,

85 627 238 691 Demetrio
262 624 440 687 credendum
459 623 521 707 effe.
589 622 722 698 Olfidem
743 622 864 705 enimse
885 624 1014 687 inimum
1035 620 1100 705 ejis

80 710 204 787 kalne,
235 698 303 784 ‘ersi
315 717 526 795 patricorpus
541 708 729 772 reddiderit:
776 730 804 769 et
819 710 919 794 scire,
956 724 1100 791 quantum

75 797 204 884 salucia
243 817 335 859 aerem
348 802 459 877 pietate
474 794 580 881 poffit,
614 805 732 860 amicum
755 818 819 858 eum
839 793 954 878 populo
973 794 1101 855 Romano

82 884 145 970 effe.
188 820 380 965 isinorisque
404 884 466 970 ijus
493 885 575 968 carisa
593 884 727 969 missuros
749 889 781 945 in
798 880 1002 945 Macedoniam
1024 880 1101 967 le'ga·

82 990 148 1049 tos,
163 967 256 1044 unii
271 970 342 1053 quid
356 974 451 1031 maus
463 968 579 1049 factm
588 971 667 1051 fit„
692 990 757 1032 ram
771 968 908 1031 debuerit
916 991 927 1041 ,·
951 987 1016 1031 tum
1030 976 1101 1050 q'uo·

83 1078 140 1140 que
157 1056 221 1132 fine
242 1054 357 1137 piaculo
383 1077 485 1118 rerum
505 1062 667 1138 praetenui
691 1076 777 1119 arum
797 1052 862 1136 fiat.
912 1048 991 1116 Vese
1014 1059 1103 1115 etiam

75 1144 192 1227 sentire
209 1140 400 1223 Philippum,
429 1147 549 1229 integre
568 1140 660 1208 uuila
677 1141 735 1219 filu'
755 1164 819 1205 cum
833 1140 954 1229 'populo
971 1140 1102 1217 Romo

86 1228 236 1293 Demetrii
254 1225 317 1309 filii
332 1225 465 1309 beneficio
490 1231 554 1316 effe.
823 1243 827 1251 ·
1051 1234 1058 1243 “

143 1436 146 1441 ·
170 1404 313 1467 XLVIII.
328 1405 425 1480 Haec,
440 1424 520 1487 quae
533 1405 698 1489 augendae
711 1398 1104 1489 amplimdinisejuscausa

85 1486 168 1549 sacta
183 1506 292 1566 erant,
315 1494 475 1575 extemplo
490 1495 528 1553 in
541 1492 716 1571 invidiam,
738 1516 816 1553 mox
829 1494 924 1553 etiam
938 1491 976 1551 in
991 1488 1103 1571 perni-

86 1576 169 1636 ciem
182 1576 376 1639 adolescenti
389 1597 565 1640 verterunt.
599 1579 845 1640 Lacedaemonii
860 1575 980 1638 deinde
998 1574 1102 1639 intro-

87 1660 269 1723 ductisunt.
293 1664 419 1725 'multae
435 1683 465 1725 et
483 1688 600 1749 paruae
619 1664 864 1751 disceptationes
882 1665 1102 1751 jactabantur3
1142 1730 1150 1739 ,

86 1746 160 1824 sed,
176 1770 256 1831 quae
272 1752 411 1813 maxime
428 1774 499 1812 rem
515 1755 741 1831 continerent,
761 1769 869 1813 erant:
882 1744 1104 1810 'uirum-resti·

87 1850 273 1915 tuerentur,
296 1860 374 1921 quos
392 1836 514 1900 Achaei
538 1839 787 1917 damnaverant,
809 1860 873 1899 nec
895 1860 958 1914 ne3
979 1836 1102 1917 inique,

88 1942 132 1982 an
142 1924 212 2005 jure
223 1923 420 2000 occidissent,
437 1948 514 2009 quos
531 1927 725 1988 occiderant.
743 1928 923 1988 vertebatur
937 1941 978 1999 et,
995 1938 1105 1983 utrum

87 2028 261 2071 manerent
276 2013 313 2072 in
320 2011 461 2073 Achaico
474 1998 611 2075 concilio
620 2013 882 2089 Lacedaemoni53
904 2033 963 2086 an,
983 2003 1019 2069 ut'
1028 2014 1105 2068 a'nte

86 2094 211 2173 fuerat,
229 2096 396 2159 'secretum
416 2101 482 2183 ejus
499 2103 594 2161 unius
619 2104 657 2161 in
670 2096 889 2184 Peloponneso
907 2097 1042 2159 civitatis
1056 2096 1109 2178 jus

88 2182 174 2247 esset.
219 2183 371 2261 Restitui‚
401 2186 579 2270 judiciaque
602 2186 686 2247 facta
699 2190 769 2248 tolli
782 2188 914 2270 placuit:
948 2182 1112 2245 Lacedae·
1154 2186 1158 2191 '

88 2266 222 2329 monem
234 2284 368 2331 manere
383 2274 421 2332 in
437 2272 577 2335 Achaico
594 2275 749 2336 concilio:
777 2275 929 2355 scribique
945 2270 982 2335 id
991 2268 1122 2341 ,decre-

88 2372 174 2431 tum,
195 2373 226 2415 et
234 2358 420 2440 'consignari
437 2382 455 2419 a
470 2359 728 2422 Lacedaemoniis
742 2379 774 2423 et
783 2360 928 2423 Achaeis.
972 2360 1119 2441 Legatos

88 2442 126 2502 in
147 2442 374 2529 Macedoniarn
395 2448 434 2522 Q.
457 2448 595 2508 Marcius
621 2447 664 2508 est
682 2447 808 2511 missus:
841 2445 937 2531 jussus
956 2444 1048 2506 idem
1062 2444 1119 2505 'in

88 2530 310 2610 Peloponneso
323 2530 480 2591 sociorum
492 2556 544 2595 res
557 2532 730 2619 adspicere.
775 2556 853 2613 nain
873 2534 1059 2614 ibi'quoque
1075 2542 1114 2590 et

90 2630 131 2675 e'x
145 2616 304 2676 veteribus
326 2616 491 2681 discordiiS
514 2619 630 2681 refidui
648 2638 752 2682 motus
774 2622 895 2696 erant‚'
913 2635 945 2679 et
960 2616 1109 2679 Messene

90 2700 265 2762 desciverat
293 2724 312 2761 a
332 2706 469 2766 concilio
490 2706 639 2768 Achaico.
683 2709 771 2791 cujus
794 2707 869 2770 belli
891 2720 924 2787 et
945 2703 1053 2765 causas
1075 2716 1105 2762 et

90 2786 241 2849 ordinem
262 2788 285 2849 fi
306 2811 496 2872 expromere
515 2797 630 2870 velim,
658 2797 832 2855 immemor
855 2793 912 2855 sim
940 2790 1100 2875 proposui,

90 2878 154 2955 quo'
170 2873 261 2937 statui
280 2898 352 2937 non
373 2882 456 2939 ultra
478 2883 634 2964 attingere
652 2898 804 2958 externa,
833 2880 894 2949 nili
910 2900 973 2963 qua
987 2882 1099 2939 Roma·

90 2962 144 3023 nis
159 2962 371 3025 cohaererent
384 2969 489 3028 rebus.

170 3136 276 3197 XLIX.
297 3135 440 3200 Eventus
462 3142 679 3202 memorabilis
702 3142 762 3217 est,
792 3140 895 3224 quod,
925 3161 999 3200 cum
1019 3136 1102 3199 bello

89 3216 266 3301 superiores
288 3222 390 3284 essent
398 3224 530 3302 Achaei,
546 3228 778 3310 Philopoemen
790 3246 917 3311 praetor
931 3247 1042 3286 eorum
1057 3244 1103 3283 ca-

80 3305 192 3388 pinu,
223 3308 265 3368 ad
285 3313 584 3395 praeoccupandam
600 3317 754 3376 Coronen
768 3311 989 3398 (prolectuS,)
1011 3331 1102 3393 quam

90 3391 192 3453 hosles
215 3400 384 3476 petebant,
426 3400 463 3459 in
486 3402 568 3461 valle
591 3402 702 3483 iniqua
723 3426 797 3463 cum
819 3403 975 3485 equitibus
997 3400 1099 3482 paucis

90 3479 263 3560 oppressus.
294 3480 401 3565 Ipsum
412 3484 546 3568 potuisse
562 3486 703 3569 effugere
711 3492 875 3550 Thracum
894 3487 1092 3549 Cretensium

90 3586 152 3663 qne
168 3568 443 3645 auxiliopradunt.
488 3572 544 3633 [cd
560 3572 666 3659 pudor
680 3575 887 3659 relinquendi
903 3576 1033 3656 equites
1047 3594 1087 3634 nt

91 3649 252 3745 bilissimas
269 3658 390 3736 gentis,
420 3662 459 3719 al)
481 3658 548 3743 ipso
563 3662 670 3743 nuper
683 3666 809 3739 lect08‚'
831 3663 945 3722 tenuit.
991 3660 1081 3743 quibs

88 3734 167 3799 dum
183 3739 292 3803 locum
315 3740 357 3805 ad
370 3744 553 3809 eradendas
575 3750 732 3837 augustias
748 3750 893 3836 cogendo
908 3748 974 3833 ipse
987 3766 1076 3829 agme

1013 3855 1070 3916 prfl
