2354 4140
287 119 442 181 trouu
468 122 559 183 xiv.
606 122 692 181 ci».
718 122 773 183 vi.
798 124 867 183 vu.
1041 146 1083 205 ,7

63 204 1083 229 mmm-‘'m-

16 220 24 281 ,ς
96 266 100 271 .
241 228 280 285 υ.
298 228 450 303 ctat..
688 228 764 285 ac
783 228 825 287 u.
843 229 912 293 16⁸.

64 305 676 327 fflm—-Q
683 310 760 323 -Ι
770 310 805 323 .-

65 350 168 411 latere
191 347 303 429 templi
323 366 424 428 prope
446 346 599 425 augurium
623 345 790 405 obscurum
813 345 946 407 delituit.
989 350 1093 409 Pueri'

65 438 149 521 regii
170 432 257 517 apud
277 430 470 493 Macedones
493 434 688 491 vocabuntur
706 432 892 515 principum
909 434 1017 510 liberi,
1038 435 1081 495 ull

65 508 282 585 utinisteriuu't
310 519 404 578 electi
431 521 530 598 regis:
566 538 604 577 ea
623 516 755 594 cohors,
787 512 949 601 persecuta
970 544 1079 605 regem

65 610 261 695 fugientem,
286 626 330 665 ne
346 622 413 664 tum
428 602 558 685 quidem
573 604 777 681 abscedebat,
799 605 904 668 donec
919 605 998 687 jussu
1015 612 1075 669 Cu.

67 696 192 759 Octavii
206 694 451 779 pronuntiatum
474 690 518 749 est
531 712 590 773 per
611 713 821 773 praeconem,
844 691 953 777 Regios
965 714 1075 774 pueros
1143 718 1146 723 ·

65 780 302 863 Macedonasque
324 778 418 853 alies,
438 780 489 858 qui
513 775 711 838 Samothracae
733 778 836 859 offeni,
860 778 887 852 fi
909 785 1077 843 transirent

62 870 104 936 ets
118 866 282 943 Romanos,
305 862 544 935 incolumitatem,
567 862 789 947 libertatemque
804 884 832 924 et
844 866 896 945 [tta
911 871 1002 929 omnia
1010 866 1076 948 ser·

61 975 210 1031 veturus,
228 972 301 1037 quae
320 969 373 1015 ult
387 951 484 1033 secum
503 946 658 1025 solerent,
686 971 739 1012 aut
758 955 788 1009 iu
812 948 985 1015 Macedonia
1005 951 1074 1013 reli·

21 1094 25 1099 .
62 1040 199 1129 quiffeut.
250 1037 305 1099 Ad
328 1038 416 1117 hanc
434 1058 546 1097 vocem
565 1038 711 1097 transitio
737 1040 881 1111 ctuuium
912 1037 994 1099 facto
1018 1038 1072 1116 est,

62 1130 260 1211 nominaque
280 1126 401 1187 dabunt
427 1122 467 1184 ud
489 1125 523 1183 C.
540 1122 730 1185 Postumium
747 1127 911 1187 tribunum
924 1126 1071 1189 militum.

63 1220 194 1282 Liberos
209 1234 334 1297 quoque
348 1232 462 1295 parvos
478 1212 579 1293 regios
595 1212 656 1270 Ion
672 1211 961 1275 Thessalonicensis
980 1216 1072 1275 Octa·
1128 1262 1131 1269 .

61 1307 117 1369 vio
137 1300 282 1365 tradidit:
317 1320 381 1359 nec
401 1298 566 1381 quisquam
588 1315 715 1380 praeter
737 1299 935 1383 Philippum,
972 1302 1069 1361 niaxi-

61 1382 152 1455 muin
173 1404 252 1450 natu
273 1408 292 1447 c
307 1386 394 1459 filiiS,
414 1406 484 1443 cum
502 1405 575 1467 rege
591 1386 727 1445 relictus.
771 1376 936 1447 Tum'sese
957 1388 1069 1447 filiunt-

58 1480 123 1565 que
147 1475 279 1539 Octavio
300 1470 449 1546 tradidit3
485 1469 650 1530 fortunam
675 1471 843 1554 Deosque,
875 1496 1010 1557 qttorum
1031 1476 1069 1535 iu

58 1566 181 1649 templo
203 1576 316 1636 erant,
347 1559 437 1618 nulla
459 1578 518 1639 ope
534 1555 703 1639 supplicem
722 1558 885 1637 jttratttes,
909 1561 1066 1621 accusans.

58 1654 101 1715 ln
127 1648 319 1737 praetoriam
350 1664 467 1704 narem
497 1644 621 1725 imponi
650 1642 763 1722 jussus:
803 1652 914 1707 eodem
944 1664 979 1709 et
1015 1670 1068 1731 pc·

60 1740 172 1815 cunia,
204 1754 283 1818 quae
301 1729 472 1815 superfuit,
508 1728 611 1787 delata
629 1728 689 1788 est:
727 1736 948 1815 extemploque
967 1733 1067 1795 elaslis

43 1826 124 1892 'Am
146 1822 280 1909 laipolim
298 1819 423 1902 repetit.
470 1814 553 1875 Inde
567 1816 713 1876 Octavius
730 1838 837 1899 regem
851 1820 885 1879 in
912 1821 1007 1879 castra
1025 1820 1067 1880 ad

59 1936 99 1975 co
140 1914 222 1973 ulem
241 1906 341 1982 milit,
372 1900 547 1987 praemissis
568 1903 683 1979 literis,
711 1918 745 1963 ut
767 1908 803 1965 in
822 1904 972 1989 potestate
992 1928 1065 1967 eum

58 2000 123 2063 esse
136 2014 168 2061 et
181 1994 297 2059 adduci
311 1992 413 2053 sciren

143 2172 214 2235 VII.
240 2164 420 2231 Secundam
436 2186 506 2247 eant
520 2166 661 2240 Paullus,
685 2162 761 2223 siem
784 2181 867 2241 erut,
898 2163 1063 2225 uictoriam

52 2279 160 2337 ratus,
183 2256 324 2319 victimas
342 2252 455 2313 cecidit
469 2273 507 2311 eo
522 2253 657 2326 nuntio;
679 2266 728 2326 el,
753 2250 882 2311 consilio
902 2248 1061 2324 aduocato,

51 2352 162 2411 literae
188 2341 342 2427 praetoris
363 2362 434 2399 cum
457 2336 631 2421 recitasset,
657 2340 696 2415 Q.
711 2335 840 2395 Aelium
854 2340 1062 2397 Tuberonem

45 2436 183 2499 obviarn
196 2430 265 2511 regi
280 2426 377 2487 misit:
398 2442 518 2487 ceteros
532 2444 665 2483 manere
681 2424 717 2483 in
730 2425 889 2505 praetorio
911 2421 1060 2505 frequen-

50 2518 207 2605 tetjusfit.
252 2515 332 2576 Non
353 2513 428 2572 olias
451 2510 493 2569 ad
514 2512 613 2569 ullum
629 2508 839 2592 spectaculum
858 2528 945 2569 tanta
959 2492 1060 2570 multi-

50 2606 130 2670 tudo
154 2604 300 2681 occurrit.
344 2602 471 2659 Petrum
487 2610 585 2657 aetate
603 2596 731 2679 Syphax
751 2614 929 2680 rexeaptus
950 2599 988 2659 in
1012 2622 1060 2657 cu-

48 2694 116 2757 stra
132 2694 287 2755 Romana·
297 2684 448 2747 adductus
465 2698 549 2743 erat:
571 2683 895 2767 praeterquamquod
917 2708 979 2744 uec
995 2684 1058 2761 sita,

34 2776 117 2843 'uec
129 2779 233 2865 gentis
247 2775 332 2835 fame
346 2768 597 2853 ctunparandus,
616 2786 695 2829 tunc
713 2792 836 2851 quoque
859 2772 988 2831 accessio
1003 2776 1058 2831 Pu.

51 2866 124 2927 nici-
147 2864 224 2927 belli
251 2861 369 2935 suerat,
408 2858 484 2917 licut
512 2856 649 2918 Gentius
674 2858 885 2919 Macedonici.
931 2856 1057 2917 Perseus

49 2966 148 3037 caput
167 2950 244 3013 belli
257 2954 342 3010 erat':
365 2966 427 3005 uec
442 2942 535 3027 ipsius
550 2960 691 3019 tantum,
714 2945 811 3025 patris
828 2946 956 3024 avique,
979 2962 1058 3023 quoe
1089 3006 1112 3027 Γ

45 3040 205 3125 sauguine
229 3058 266 3096 ae
288 3053 406 3119 genere
422 3032 643 3112 contingebat,
666 3027 752 3089 satira
765 3028 968 3110 conspectum
983 3050 1057 3087 eum
1133 3089 1139 3099 ⁸

11 3176 19 3187 .
50 3126 225 3199 efficiebat,
246 3122 301 3183 sed
321 3118 517 3199 effulgebant
531 3116 692 3196 Philippus
712 3136 748 3173 ac
764 3117 899 3197 Magnus
914 3112 1055 3174 Alexan·
1134 3146 1137 3151 ·

48 3212 125 3291 der,
146 3213 201 3296 qui
221 3210 377 3271 summum
399 3203 568 3285 imperium
592 3201 630 3259 in
644 3202 720 3259 orbe
736 3216 893 3261 terrarum
909 3202 1068 3262 Macedo?
1124 3240 1127 3247 -

46 3324 131 3363 num
150 3298 304 3361 fecerant.
349 3292 436 3351 Pullo
452 3286 659 3349 amictus-illo
683 3286 811 3347 Perseus
833 3287 988 3371 iugrelsus
1009 3291 1055 3348 eli:

31 3378 421 3463 'casne,nullosnoru1n
447 3375 508 3434 aiio
535 3372 667 3446 comite,
699 3373 754 3455 qui
777 3371 875 3435 socios
897 3377 1049 3435 calatinu-

44 3480 87 3539 tis
101 3466 364 3535 miserabiliorem
379 3483 453 3521 eum
465 3458 592 3527 faceret.
637 3456 786 3543 progredi
800 3480 877 3543 prae
896 3466 988 3523 turba
1002 3487 1052 3522 oe·

43 3558 248 3625 currentium
262 3549 307 3610 od
326 3548 537 3631 spectaculum
560 3564 632 3602 non
653 3562 795 3627 poterat,
818 3547 923 3609 donet:
940 3548 1049 3609 consul

31 3640 173 3715 ‘lictores
186 3636 331 3711 misisset,
352 3634 407 3716 qui
429 3628 646 3691 submovendo
662 3633 722 3691 iter
737 3630 778 3692 ad
795 3637 991 3717 praetorium
1005 3634 1048 3693 t'u.

42 3748 168 3799 eereut.
212 3721 418 3813 consurrexit
430 3715 540 3783 consul
546 3762 559 3795 ,
579 3732 627 3795 et,
650 3716 962 3802 justis.se('1010„ffi,-⁸
978 3742 1050 3802 W,

241 3816 245 3825 .
990 3804 1075 3887 RQ
