<?xml version="1.0" encoding="UTF-8"?>
<!DOCTYPE html PUBLIC "-//W3C//DTD XHTML 1.0 Transitional//EN"
    "http://www.w3.org/TR/xhtml1/DTD/xhtml1-transitional.dtd">
<html xmlns="http://www.w3.org/1999/xhtml" xml:lang="en" lang="en">
 <head>
  <title>
</title>
<meta http-equiv="Content-Type" content="text/html;charset=utf-8" />
  <meta name='ocr-system' content='tesseract 3.04.00' />
  <meta name='ocr-capabilities' content='ocr_page ocr_carea ocr_par ocr_line ocrx_word'/>
</head>
<body>
  <div class='ocr_page' id='page_1' title='image "./historiarumlibr01livygoog_0329.png"; bbox 0 0 2354 4140; ppageno 0'>
   <div class='ocr_carea' id='block_1_1' title="bbox 123 110 931 215">
    <p class='ocr_par' dir='ltr' id='par_1_1' title="bbox 123 110 931 215">
     <span class='ocr_line' id='line_1_1' title="bbox 123 110 931 215; baseline -0.012 -10"><span class='ocrx_word' id='word_1_1' title='bbox 123 110 194 215; x_wconf 66' lang='lat' dir='ltr'><strong>sat</strong></span> <span class='ocrx_word' id='word_1_2' title='bbox 294 156 297 163; x_wconf 75' lang='lat'><strong>,</strong></span> <span class='ocrx_word' id='word_1_3' title='bbox 342 124 692 214; x_wconf 78' lang='lat' dir='ltr'><strong>ttaeuxxxvtu.</strong></span> <span class='ocrx_word' id='word_1_4' title='bbox 737 132 931 196; x_wconf 60' lang='lat' dir='ltr'><strong>aaaxvt.</strong></span> 
     </span>
    </p>
   </div>
   <div class='ocr_carea' id='block_1_2' title="bbox 124 240 1143 344">
    <p class='ocr_par' dir='ltr' id='par_1_2' title="bbox 124 240 1143 344">
     <span class='ocr_line' id='line_1_2' title="bbox 124 240 1143 344; baseline -0.002 -43"><span class='ocrx_word' id='word_1_5' title='bbox 124 240 526 344; x_wconf 45' lang='lat' dir='ltr'><strong>muetos.</strong></span> <span class='ocrx_word' id='word_1_6' title='bbox 584 300 594 317; x_wconf 60' lang='lat'><em>„</em></span> <span class='ocrx_word' id='word_1_7' title='bbox 700 240 839 299; x_wconf 64' lang='lat' dir='ltr'><strong>anu.</strong></span> <span class='ocrx_word' id='word_1_8' title='bbox 862 246 1143 340; x_wconf 46' lang='grc' dir='ltr'><strong>ιω*</strong></span> 
     </span>
    </p>
   </div>
   <div class='ocr_carea' id='block_1_3' title="bbox 28 356 1150 3897">
    <p class='ocr_par' dir='ltr' id='par_1_3' title="bbox 28 356 1150 3897">
     <span class='ocr_line' id='line_1_3' title="bbox 126 356 1144 443; baseline 0.001 -18"><span class='ocrx_word' id='word_1_9' title='bbox 126 360 224 425; x_wconf 83' lang='lat' dir='ltr'><strong>norio</strong></span> <span class='ocrx_word' id='word_1_10' title='bbox 244 382 282 420; x_wconf 88' lang='lat' dir='ltr'><strong>ac</strong></span> <span class='ocrx_word' id='word_1_11' title='bbox 304 359 431 430; x_wconf 82' lang='lat' dir='ltr'><strong>Lutario</strong></span> <span class='ocrx_word' id='word_1_12' title='bbox 446 358 581 441; x_wconf 85' lang='lat' dir='ltr'><strong>regulis,</strong></span> <span class='ocrx_word' id='word_1_13' title='bbox 598 356 769 443; x_wconf 79' lang='lat' dir='ltr'><strong>seceffione</strong></span> <span class='ocrx_word' id='word_1_14' title='bbox 787 357 871 420; x_wconf 77' lang='lat' dir='ltr'><strong>facta</strong></span> <span class='ocrx_word' id='word_1_15' title='bbox 886 380 905 419; x_wconf 86' lang='lat' dir='ltr'><strong>a</strong></span> <span class='ocrx_word' id='word_1_16' title='bbox 925 362 1082 438; x_wconf 83' lang='lat' dir='ltr'><strong>Brenno,</strong></span> <span class='ocrx_word' id='word_1_17' title='bbox 1104 363 1144 426; x_wconf 85' lang='lat' dir='ltr'><strong>itt</strong></span> 
     </span>
     <span class='ocr_line' id='line_1_4' title="bbox 126 442 1142 532; baseline -0.001 -20"><span class='ocrx_word' id='word_1_18' title='bbox 126 448 300 512; x_wconf 79' lang='lat' dir='ltr'><strong>Thraciam</strong></span> <span class='ocrx_word' id='word_1_19' title='bbox 314 445 375 507; x_wconf 86' lang='lat' dir='ltr'><strong>iter</strong></span> <span class='ocrx_word' id='word_1_20' title='bbox 390 460 584 507; x_wconf 86' lang='lat' dir='ltr'><strong>averterunt.</strong></span> <span class='ocrx_word' id='word_1_21' title='bbox 600 442 661 506; x_wconf 85' lang='lat' dir='ltr'><strong>¹ubi</strong></span> <span class='ocrx_word' id='word_1_22' title='bbox 676 468 749 506; x_wconf 90' lang='lat' dir='ltr'><strong>cum</strong></span> <span class='ocrx_word' id='word_1_23' title='bbox 763 445 979 509; x_wconf 74' lang='lat' dir='ltr'><strong>resistentibus</strong></span> <span class='ocrx_word' id='word_1_24' title='bbox 994 467 1142 532; x_wconf 79' lang='lat' dir='ltr'><strong>pugnan-</strong></span> 
     </span>
     <span class='ocr_line' id='line_1_5' title="bbox 45 530 1140 618; baseline -0.01 -19"><span class='ocrx_word' id='word_1_25' title='bbox 45 592 48 599; x_wconf 87' lang='grc'><em>,</em></span> <span class='ocrx_word' id='word_1_26' title='bbox 125 536 187 613; x_wconf 80' lang='lat' dir='ltr'><strong>do,</strong></span> <span class='ocrx_word' id='word_1_27' title='bbox 216 555 327 618; x_wconf 88' lang='lat' dir='ltr'><strong>pacem</strong></span> <span class='ocrx_word' id='word_1_28' title='bbox 350 530 532 615; x_wconf 87' lang='lat' dir='ltr'><strong>petentibus</strong></span> <span class='ocrx_word' id='word_1_29' title='bbox 555 532 750 615; x_wconf 82' lang='lat' dir='ltr'>stipendium</span> <span class='ocrx_word' id='word_1_30' title='bbox 770 532 991 617; x_wconf 87' lang='lat' dir='ltr'><strong>imponendo,</strong></span> <span class='ocrx_word' id='word_1_31' title='bbox 1014 534 1140 616; x_wconf 81' lang='lat' dir='ltr'><strong>Byzan.</strong></span> 
     </span>
     <span class='ocr_line' id='line_1_6' title="bbox 124 618 1141 705; baseline 0.003 -22"><span class='ocrx_word' id='word_1_32' title='bbox 124 626 206 685; x_wconf 91' lang='lat' dir='ltr'><strong>tium</strong></span> <span class='ocrx_word' id='word_1_33' title='bbox 229 642 303 681; x_wconf 88' lang='lat' dir='ltr'><strong>cum</strong></span> <span class='ocrx_word' id='word_1_34' title='bbox 323 618 559 702; x_wconf 78' lang='lat' dir='ltr'><strong>pervenillent,</strong></span> <span class='ocrx_word' id='word_1_35' title='bbox 596 618 790 701; x_wconf 81' lang='lat' dir='ltr'>aliquamdiu</span> <span class='ocrx_word' id='word_1_36' title='bbox 820 642 910 682; x_wconf 84' lang='lat' dir='ltr'><strong>orem</strong></span> <span class='ocrx_word' id='word_1_37' title='bbox 934 622 1141 705; x_wconf 69' lang='lat' dir='ltr'><strong>Propontidis</strong></span> 
     </span>
     <span class='ocr_line' id='line_1_7' title="bbox 124 704 1139 789; baseline -0.002 -18"><span class='ocrx_word' id='word_1_38' title='bbox 124 708 314 789; x_wconf 73' lang='lat' dir='ltr'><strong>¹vectigalem</strong></span> <span class='ocrx_word' id='word_1_39' title='bbox 340 704 511 781; x_wconf 87' lang='lat' dir='ltr'><strong>habendo,</strong></span> <span class='ocrx_word' id='word_1_40' title='bbox 544 708 685 789; x_wconf 82' lang='lat' dir='ltr'>regionis</span> <span class='ocrx_word' id='word_1_41' title='bbox 708 708 774 789; x_wconf 86' lang='lat' dir='ltr'><strong>ejus</strong></span> <span class='ocrx_word' id='word_1_42' title='bbox 798 710 893 768; x_wconf 86' lang='lat' dir='ltr'><strong>urbes</strong></span> <span class='ocrx_word' id='word_1_43' title='bbox 915 710 1139 771; x_wconf 79' lang='lat' dir='ltr'><strong>obtinuerunt.</strong></span> 
     </span>
     <span class='ocr_line' id='line_1_8' title="bbox 123 790 1139 879; baseline 0.001 -23"><span class='ocrx_word' id='word_1_44' title='bbox 123 794 249 879; x_wconf 74' lang='lat' dir='ltr'><strong>Cupido</strong></span> <span class='ocrx_word' id='word_1_45' title='bbox 261 792 342 857; x_wconf 89' lang='lat' dir='ltr'><strong>iude</strong></span> <span class='ocrx_word' id='word_1_46' title='bbox 357 793 462 854; x_wconf 87' lang='lat' dir='ltr'><strong>cosin</strong></span> <span class='ocrx_word' id='word_1_47' title='bbox 476 790 584 853; x_wconf 77' lang='lat' dir='ltr'><strong>Asiam</strong></span> <span class='ocrx_word' id='word_1_48' title='bbox 598 794 804 871; x_wconf 82' lang='lat' dir='ltr'><strong>transeundi,</strong></span> <span class='ocrx_word' id='word_1_49' title='bbox 826 794 993 856; x_wconf 78' lang='lat' dir='ltr'><strong>audientes</strong></span> <span class='ocrx_word' id='word_1_50' title='bbox 1009 816 1051 856; x_wconf 80' lang='lat' dir='ltr'><strong>ex</strong></span> <span class='ocrx_word' id='word_1_51' title='bbox 1066 818 1139 879; x_wconf 87' lang='lat' dir='ltr'><strong>pro·</strong></span> 
     </span>
     <span class='ocr_line' id='line_1_9' title="bbox 34 880 1137 970; baseline -0.001 -26"><span class='ocrx_word' id='word_1_52' title='bbox 34 916 37 921; x_wconf 92' lang='lat'>·</span> <span class='ocrx_word' id='word_1_53' title='bbox 121 884 265 970; x_wconf 85' lang='lat' dir='ltr'><strong>pinquo,</strong></span> <span class='ocrx_word' id='word_1_54' title='bbox 284 897 404 965; x_wconf 86' lang='lat' dir='ltr'><strong>quanta</strong></span> <span class='ocrx_word' id='word_1_55' title='bbox 418 882 545 943; x_wconf 88' lang='lat' dir='ltr'><strong>ubertas</strong></span> <span class='ocrx_word' id='word_1_56' title='bbox 559 897 664 941; x_wconf 86' lang='lat' dir='ltr'><strong>terrae</strong></span> <span class='ocrx_word' id='word_1_57' title='bbox 680 882 745 963; x_wconf 80' lang='lat' dir='ltr'><strong>e&#39;jus</strong></span> <span class='ocrx_word' id='word_1_58' title='bbox 766 880 859 960; x_wconf 76' lang='lat' dir='ltr'><strong>esset,</strong></span> <span class='ocrx_word' id='word_1_59' title='bbox 881 884 983 965; x_wconf 86' lang='lat' dir='ltr'>cepit:</span> <span class='ocrx_word' id='word_1_60' title='bbox 1005 899 1055 959; x_wconf 85' lang='lat' dir='ltr'><strong>et,</strong></span> <span class='ocrx_word' id='word_1_61' title='bbox 1079 884 1137 965; x_wconf 78' lang='lat' dir='ltr'><strong>ty-</strong></span> 
     </span>
     <span class='ocr_line' id='line_1_10' title="bbox 123 965 1135 1053; baseline -0.003 -19"><span class='ocrx_word' id='word_1_62' title='bbox 123 969 274 1035; x_wconf 80' lang='lat' dir='ltr'><strong>fimachia</strong></span> <span class='ocrx_word' id='word_1_63' title='bbox 296 965 411 1028; x_wconf 78' lang='lat' dir='ltr'><strong>fraude</strong></span> <span class='ocrx_word' id='word_1_64' title='bbox 432 982 539 1050; x_wconf 87' lang='lat' dir='ltr'><strong>capta,</strong></span> <span class='ocrx_word' id='word_1_65' title='bbox 561 966 819 1051; x_wconf 82' lang='lat' dir='ltr'>Chersonesoque</span> <span class='ocrx_word' id='word_1_66' title='bbox 834 970 927 1030; x_wconf 90' lang='lat' dir='ltr'><strong>omni</strong></span> <span class='ocrx_word' id='word_1_67' title='bbox 949 970 1046 1030; x_wconf 83' lang='lat' dir='ltr'><strong>armis</strong></span> <span class='ocrx_word' id='word_1_68' title='bbox 1066 969 1135 1053; x_wconf 77' lang='lat' dir='ltr'><strong>pos·</strong></span> 
     </span>
     <span class='ocr_line' id='line_1_11' title="bbox 120 1037 1150 1140; baseline -0.003 -20"><span class='ocrx_word' id='word_1_69' title='bbox 120 1057 220 1134; x_wconf 82' lang='lat' dir='ltr'><strong>Ieila,</strong></span> <span class='ocrx_word' id='word_1_70' title='bbox 242 1046 284 1116; x_wconf 84' lang='lat' dir='ltr'><strong>ad</strong></span> <span class='ocrx_word' id='word_1_71' title='bbox 306 1055 552 1137; x_wconf 79' lang='lat' dir='ltr'><strong>Hellespontum</strong></span> <span class='ocrx_word' id='word_1_72' title='bbox 573 1052 819 1117; x_wconf 83' lang='lat' dir='ltr'><strong>descenderunt.</strong></span> <span class='ocrx_word' id='word_1_73' title='bbox 864 1056 913 1117; x_wconf 93' lang='lat' dir='ltr'><strong>Ibi</strong></span> <span class='ocrx_word' id='word_1_74' title='bbox 928 1077 1007 1117; x_wconf 82' lang='lat' dir='ltr'><strong>vero</strong></span> <span class='ocrx_word' id='word_1_75' title='bbox 1021 1037 1150 1140; x_wconf 67' lang='lat' dir='ltr'><strong>attiguo¹</strong></span> 
     </span>
     <span class='ocr_line' id='line_1_12' title="bbox 28 1139 1137 1225; baseline -0.004 -18"><span class='ocrx_word' id='word_1_76' title='bbox 28 1163 32 1175; x_wconf 84' lang='grc'><strong>’</strong></span> <span class='ocrx_word' id='word_1_77' title='bbox 120 1143 255 1207; x_wconf 82' lang='lat' dir='ltr'><strong>divisam</strong></span> <span class='ocrx_word' id='word_1_78' title='bbox 274 1140 359 1203; x_wconf 88' lang='lat' dir='ltr'><strong>freto</strong></span> <span class='ocrx_word' id='word_1_79' title='bbox 381 1142 588 1203; x_wconf 83' lang='lat' dir='ltr'><strong>cernentibus</strong></span> <span class='ocrx_word' id='word_1_80' title='bbox 608 1139 715 1201; x_wconf 74' lang='lat' dir='ltr'><strong>Asiam</strong></span> <span class='ocrx_word' id='word_1_81' title='bbox 730 1143 945 1225; x_wconf 78' lang='lat' dir='ltr'><strong>multomagis</strong></span> <span class='ocrx_word' id='word_1_82' title='bbox 968 1144 1074 1205; x_wconf 85' lang='lat' dir='ltr'><strong>animi</strong></span> <span class='ocrx_word' id='word_1_83' title='bbox 1095 1140 1137 1203; x_wconf 82' lang='lat' dir='ltr'><strong>ad</strong></span> 
     </span>
     <span class='ocr_line' id='line_1_13' title="bbox 118 1226 1135 1313; baseline -0.006 -18"><span class='ocrx_word' id='word_1_84' title='bbox 118 1226 356 1295; x_wconf 82' lang='lat' dir='ltr'><strong>transeundum</strong></span> <span class='ocrx_word' id='word_1_85' title='bbox 372 1226 506 1304; x_wconf 79' lang='lat' dir='ltr'><strong>acceitli3</strong></span> <span class='ocrx_word' id='word_1_86' title='bbox 531 1228 725 1312; x_wconf 83' lang='lat' dir='ltr'><strong>nuntiosque</strong></span> <span class='ocrx_word' id='word_1_87' title='bbox 745 1228 788 1291; x_wconf 86' lang='lat' dir='ltr'><strong>ad</strong></span> <span class='ocrx_word' id='word_1_88' title='bbox 800 1226 1026 1313; x_wconf 72' lang='lat' dir='ltr'><strong>Antipatrum,</strong></span> <span class='ocrx_word' id='word_1_89' title='bbox 1044 1246 1135 1313; x_wconf 82' lang='lat' dir='ltr'><strong>prae·</strong></span> 
     </span>
     <span class='ocr_line' id='line_1_14' title="bbox 117 1313 1134 1398; baseline -0.004 -17"><span class='ocrx_word' id='word_1_90' title='bbox 117 1318 240 1381; x_wconf 77' lang='lat' dir='ltr'><strong>tectum</strong></span> <span class='ocrx_word' id='word_1_91' title='bbox 255 1316 323 1398; x_wconf 77' lang='lat' dir='ltr'><strong>ejus</strong></span> <span class='ocrx_word' id='word_1_92' title='bbox 336 1336 430 1391; x_wconf 88' lang='lat' dir='ltr'><strong>orae,</strong></span> <span class='ocrx_word' id='word_1_93' title='bbox 455 1313 497 1376; x_wconf 90' lang='lat' dir='ltr'><strong>de</strong></span> <span class='ocrx_word' id='word_1_94' title='bbox 512 1316 649 1377; x_wconf 86' lang='lat' dir='ltr'><strong>transitu</strong></span> <span class='ocrx_word' id='word_1_95' title='bbox 669 1317 848 1377; x_wconf 85' lang='lat' dir='ltr'><strong>mittebant.</strong></span> <span class='ocrx_word' id='word_1_96' title='bbox 885 1336 965 1398; x_wconf 87' lang='lat' dir='ltr'><strong>quae</strong></span> <span class='ocrx_word' id='word_1_97' title='bbox 986 1336 1040 1376; x_wconf 83' lang='lat' dir='ltr'><strong>res</strong></span> <span class='ocrx_word' id='word_1_98' title='bbox 1061 1336 1134 1377; x_wconf 88' lang='lat' dir='ltr'><strong>cum</strong></span> 
     </span>
     <span class='ocr_line' id='line_1_15' title="bbox 119 1400 1133 1486; baseline -0.001 -20"><span class='ocrx_word' id='word_1_99' title='bbox 119 1405 239 1467; x_wconf 87' lang='lat' dir='ltr'><strong>lentius</strong></span> <span class='ocrx_word' id='word_1_100' title='bbox 253 1402 310 1486; x_wconf 81' lang='lat' dir='ltr'><strong>spe</strong></span> <span class='ocrx_word' id='word_1_101' title='bbox 321 1400 463 1485; x_wconf 82' lang='lat' dir='ltr'><strong>ipsorum</strong></span> <span class='ocrx_word' id='word_1_102' title='bbox 476 1401 666 1478; x_wconf 78' lang='lat' dir='ltr'><strong>traheretur,</strong></span> <span class='ocrx_word' id='word_1_103' title='bbox 689 1403 751 1463; x_wconf 83' lang='lat' dir='ltr'><strong>alia</strong></span> <span class='ocrx_word' id='word_1_104' title='bbox 762 1402 870 1463; x_wconf 80' lang='lat' dir='ltr'><strong>rursus</strong></span> <span class='ocrx_word' id='word_1_105' title='bbox 883 1423 968 1465; x_wconf 80' lang='lat' dir='ltr'><strong>nova</strong></span> <span class='ocrx_word' id='word_1_106' title='bbox 980 1402 1071 1463; x_wconf 90' lang='lat' dir='ltr'><strong>inter</strong></span> <span class='ocrx_word' id='word_1_107' title='bbox 1085 1400 1133 1465; x_wconf 58' lang='lat' dir='ltr'><strong>ress</strong></span> 
     </span>
     <span class='ocr_line' id='line_1_16' title="bbox 118 1486 1143 1577; baseline 0.004 -26"><span class='ocrx_word' id='word_1_108' title='bbox 118 1492 209 1577; x_wconf 81' lang='lat' dir='ltr'><strong>gulos</strong></span> <span class='ocrx_word' id='word_1_109' title='bbox 231 1506 303 1549; x_wconf 82' lang='lat' dir='ltr'><strong>orta</strong></span> <span class='ocrx_word' id='word_1_110' title='bbox 322 1486 435 1549; x_wconf 85' lang='lat' dir='ltr'><strong>seditio</strong></span> <span class='ocrx_word' id='word_1_111' title='bbox 457 1488 510 1549; x_wconf 83' lang='lat' dir='ltr'><strong>est.</strong></span> <span class='ocrx_word' id='word_1_112' title='bbox 554 1489 729 1551; x_wconf 82' lang='lat' dir='ltr'><strong>Leonorius</strong></span> <span class='ocrx_word' id='word_1_113' title='bbox 750 1505 856 1565; x_wconf 88' lang='lat' dir='ltr'><strong>retro,</strong></span> <span class='ocrx_word' id='word_1_114' title='bbox 878 1487 967 1549; x_wconf 89' lang='lat' dir='ltr'><strong>unde</strong></span> <span class='ocrx_word' id='word_1_115' title='bbox 988 1504 1143 1565; x_wconf 62' lang='lat' dir='ltr'><strong>tenuat.</strong></span> 
     </span>
     <span class='ocr_line' id='line_1_17' title="bbox 116 1574 1130 1659; baseline -0.004 -21"><span class='ocrx_word' id='word_1_116' title='bbox 116 1600 193 1640; x_wconf 88' lang='lat' dir='ltr'><strong>cum</strong></span> <span class='ocrx_word' id='word_1_117' title='bbox 214 1576 337 1658; x_wconf 85' lang='lat' dir='ltr'><strong>majore</strong></span> <span class='ocrx_word' id='word_1_118' title='bbox 358 1591 449 1658; x_wconf 83' lang='lat' dir='ltr'><strong>parte</strong></span> <span class='ocrx_word' id='word_1_119' title='bbox 471 1575 642 1637; x_wconf 87' lang='lat' dir='ltr'><strong>hominum</strong></span> <span class='ocrx_word' id='word_1_120' title='bbox 664 1575 779 1659; x_wconf 86' lang='lat' dir='ltr'><strong>repetit</strong></span> <span class='ocrx_word' id='word_1_121' title='bbox 800 1574 1010 1657; x_wconf 82' lang='lat' dir='ltr'><strong>Byzantium:</strong></span> <span class='ocrx_word' id='word_1_122' title='bbox 1042 1578 1130 1637; x_wconf 82' lang='lat' dir='ltr'><strong>Lute-¹</strong></span> 
     </span>
     <span class='ocr_line' id='line_1_18' title="bbox 117 1660 1129 1747; baseline -0.003 -21"><span class='ocrx_word' id='word_1_123' title='bbox 117 1663 184 1728; x_wconf 77' lang='lat' dir='ltr'><strong>&#39;rius</strong></span> <span class='ocrx_word' id='word_1_124' title='bbox 203 1660 452 1738; x_wconf 73' lang='lat' dir='ltr'><strong>Macedonibus,</strong></span> <span class='ocrx_word' id='word_1_125' title='bbox 478 1682 538 1744; x_wconf 88' lang='lat' dir='ltr'><strong>per</strong></span> <span class='ocrx_word' id='word_1_126' title='bbox 557 1660 575 1720; x_wconf 85' lang='lat' dir='ltr'><strong>s</strong></span> <span class='ocrx_word' id='word_1_127' title='bbox 595 1664 694 1723; x_wconf 85' lang='lat' dir='ltr'><strong>eciem</strong></span> <span class='ocrx_word' id='word_1_128' title='bbox 708 1662 876 1746; x_wconf 80' lang='lat' dir='ltr'><strong>legationis</strong></span> <span class='ocrx_word' id='word_1_129' title='bbox 895 1665 936 1723; x_wconf 87' lang='lat' dir='ltr'><strong>ab</strong></span> <span class='ocrx_word' id='word_1_130' title='bbox 955 1660 1129 1747; x_wconf 79' lang='lat' dir='ltr'><strong>Antipatro</strong></span> 
     </span>
     <span class='ocr_line' id='line_1_19' title="bbox 116 1686 1126 1833; baseline -0.001 -21"><span class='ocrx_word' id='word_1_131' title='bbox 116 1750 159 1813; x_wconf 85' lang='lat' dir='ltr'><strong>ad</strong></span> <span class='ocrx_word' id='word_1_132' title='bbox 172 1748 402 1833; x_wconf 83' lang='lat' dir='ltr'><strong>speculandum</strong></span> <span class='ocrx_word' id='word_1_133' title='bbox 424 1747 541 1824; x_wconf 85' lang='lat' dir='ltr'><strong>miffis,</strong></span> <span class='ocrx_word' id='word_1_134' title='bbox 564 1686 641 1809; x_wconf 83' lang='lat' dir='ltr'><strong>duas</strong></span> <span class='ocrx_word' id='word_1_135' title='bbox 655 1765 751 1811; x_wconf 86' lang='lat' dir='ltr'><strong>tectas</strong></span> <span class='ocrx_word' id='word_1_136' title='bbox 761 1770 865 1821; x_wconf 15' lang='lat' dir='ltr'><strong>&#39;naves</strong></span> <span class='ocrx_word' id='word_1_137' title='bbox 880 1764 912 1809; x_wconf 87' lang='lat' dir='ltr'><strong>et</strong></span> <span class='ocrx_word' id='word_1_138' title='bbox 923 1766 990 1810; x_wconf 87' lang='lat' dir='ltr'><strong>tres</strong></span> <span class='ocrx_word' id='word_1_139' title='bbox 1003 1750 1126 1811; x_wconf 79' lang='lat' dir='ltr'><strong>lembos</strong></span> 
     </span>
     <span class='ocr_line' id='line_1_20' title="bbox 115 1834 1126 1918; baseline 0 -19"><span class='ocrx_word' id='word_1_140' title='bbox 115 1838 237 1900; x_wconf 84' lang='lat' dir='ltr'><strong>adimit.</strong></span> <span class='ocrx_word' id='word_1_141' title='bbox 289 1836 357 1913; x_wconf 87' lang='lat' dir='ltr'><strong>his,</strong></span> <span class='ocrx_word' id='word_1_142' title='bbox 384 1837 462 1897; x_wconf 85' lang='lat' dir='ltr'><strong>alios</strong></span> <span class='ocrx_word' id='word_1_143' title='bbox 482 1851 575 1917; x_wconf 87' lang='lat' dir='ltr'><strong>atque</strong></span> <span class='ocrx_word' id='word_1_144' title='bbox 599 1837 675 1897; x_wconf 81' lang='lat' dir='ltr'><strong>alios</strong></span> <span class='ocrx_word' id='word_1_145' title='bbox 698 1834 767 1898; x_wconf 88' lang='lat' dir='ltr'><strong>dies</strong></span> <span class='ocrx_word' id='word_1_146' title='bbox 787 1852 962 1918; x_wconf 85' lang='lat' dir='ltr'><strong>noctesque</strong></span> <span class='ocrx_word' id='word_1_147' title='bbox 984 1852 1126 1899; x_wconf 77' lang='lat' dir='ltr'><strong>transte-</strong></span> 
     </span>
     <span class='ocr_line' id='line_1_21' title="bbox 113 1918 1125 2007; baseline -0.006 -18"><span class='ocrx_word' id='word_1_148' title='bbox 113 1923 247 2002; x_wconf 76' lang='lat' dir='ltr'><strong>tiendo,</strong></span> <span class='ocrx_word' id='word_1_149' title='bbox 268 1926 357 1986; x_wconf 86' lang='lat' dir='ltr'><strong>intra</strong></span> <span class='ocrx_word' id='word_1_150' title='bbox 376 1944 492 2006; x_wconf 86' lang='lat' dir='ltr'><strong>paucos</strong></span> <span class='ocrx_word' id='word_1_151' title='bbox 512 1920 580 1985; x_wconf 88' lang='lat' dir='ltr'><strong>dies</strong></span> <span class='ocrx_word' id='word_1_152' title='bbox 602 1943 716 1984; x_wconf 90' lang='lat' dir='ltr'><strong>omnes</strong></span> <span class='ocrx_word' id='word_1_153' title='bbox 731 1924 838 2007; x_wconf 87' lang='lat' dir='ltr'><strong>copias</strong></span> <span class='ocrx_word' id='word_1_154' title='bbox 854 1924 985 2006; x_wconf 84' lang='lat' dir='ltr'><strong>trajecit.</strong></span> <span class='ocrx_word' id='word_1_155' title='bbox 1032 1918 1125 1985; x_wconf 87' lang='lat' dir='ltr'><strong>Haud</strong></span> 
     </span>
     <span class='ocr_line' id='line_1_22' title="bbox 111 2005 1126 2096; baseline -0.009 -20"><span class='ocrx_word' id='word_1_156' title='bbox 111 2014 157 2076; x_wconf 86' lang='lat' dir='ltr'><strong>ita</strong></span> <span class='ocrx_word' id='word_1_157' title='bbox 170 2005 271 2084; x_wconf 73' lang='lat' dir='ltr'><strong>multo</strong></span> <span class='ocrx_word' id='word_1_158' title='bbox 285 2010 354 2096; x_wconf 79' lang='lat' dir='ltr'><strong>post</strong></span> <span class='ocrx_word' id='word_1_159' title='bbox 368 2011 554 2086; x_wconf 88' lang='lat' dir='ltr'><strong>Leonorius,</strong></span> <span class='ocrx_word' id='word_1_160' title='bbox 577 2008 747 2090; x_wconf 78' lang='lat' dir='ltr'><strong>adjuvante</strong></span> <span class='ocrx_word' id='word_1_161' title='bbox 761 2008 940 2071; x_wconf 87' lang='lat' dir='ltr'><strong>Nicomede</strong></span> <span class='ocrx_word' id='word_1_162' title='bbox 954 2008 1126 2091; x_wconf 80' lang='lat' dir='ltr'><strong>Bithyniae</strong></span> 
     </span>
     <span class='ocr_line' id='line_1_23' title="bbox 113 2094 1129 2185; baseline -0.004 -25"><span class='ocrx_word' id='word_1_163' title='bbox 113 2121 204 2185; x_wconf 85' lang='lat' dir='ltr'><strong>rege,</strong></span> <span class='ocrx_word' id='word_1_164' title='bbox 227 2120 247 2159; x_wconf 83' lang='lat' dir='ltr'><strong>a</strong></span> <span class='ocrx_word' id='word_1_165' title='bbox 266 2099 425 2180; x_wconf 81' lang='lat' dir='ltr'><strong>Byzantio</strong></span> <span class='ocrx_word' id='word_1_166' title='bbox 446 2096 627 2159; x_wconf 77' lang='lat' dir='ltr'><strong>transmisit.</strong></span> <span class='ocrx_word' id='word_1_167' title='bbox 678 2099 803 2163; x_wconf 69' lang='lat' dir='ltr'><strong>Coeunt</strong></span> <span class='ocrx_word' id='word_1_168' title='bbox 821 2094 942 2157; x_wconf 87' lang='lat' dir='ltr'><strong>deinde</strong></span> <span class='ocrx_word' id='word_1_169' title='bbox 961 2095 1001 2157; x_wconf 89' lang='lat' dir='ltr'><strong>in</strong></span> <span class='ocrx_word' id='word_1_170' title='bbox 1020 2116 1129 2157; x_wconf 80' lang='lat' dir='ltr'><strong>unum·</strong></span> 
     </span>
     <span class='ocr_line' id='line_1_24' title="bbox 111 2181 1123 2265; baseline -0.003 -17"><span class='ocrx_word' id='word_1_171' title='bbox 111 2185 219 2248; x_wconf 81' lang='lat' dir='ltr'><strong>rursus</strong></span> <span class='ocrx_word' id='word_1_172' title='bbox 234 2184 340 2260; x_wconf 84' lang='lat' dir='ltr'><strong>Galli,</strong></span> <span class='ocrx_word' id='word_1_173' title='bbox 363 2200 394 2244; x_wconf 89' lang='lat' dir='ltr'><strong>et</strong></span> <span class='ocrx_word' id='word_1_174' title='bbox 408 2184 523 2245; x_wconf 85' lang='lat' dir='ltr'><strong>auxilia</strong></span> <span class='ocrx_word' id='word_1_175' title='bbox 538 2182 709 2247; x_wconf 86' lang='lat' dir='ltr'><strong>Nicomedi</strong></span> <span class='ocrx_word' id='word_1_176' title='bbox 722 2182 818 2259; x_wconf 85' lang='lat' dir='ltr'><strong>dant,</strong></span> <span class='ocrx_word' id='word_1_177' title='bbox 840 2181 989 2245; x_wconf 82' lang='lat' dir='ltr'><strong>adversus</strong></span> <span class='ocrx_word' id='word_1_178' title='bbox 1003 2185 1123 2265; x_wconf 66' lang='lat' dir='ltr'><strong>Zybod·</strong></span> 
     </span>
     <span class='ocr_line' id='line_1_25' title="bbox 110 2268 1125 2355; baseline -0.002 -22"><span class='ocrx_word' id='word_1_179' title='bbox 110 2290 188 2348; x_wconf 86' lang='lat' dir='ltr'><strong>tam,</strong></span> <span class='ocrx_word' id='word_1_180' title='bbox 208 2288 336 2355; x_wconf 80' lang='lat' dir='ltr'><strong>partem</strong></span> <span class='ocrx_word' id='word_1_181' title='bbox 350 2270 525 2331; x_wconf 83' lang='lat' dir='ltr'><strong>tenentem</strong></span> <span class='ocrx_word' id='word_1_182' title='bbox 533 2271 716 2350; x_wconf 86' lang='lat' dir='ltr'><strong>Bithyniae,</strong></span> <span class='ocrx_word' id='word_1_183' title='bbox 729 2270 854 2353; x_wconf 83' lang='lat' dir='ltr'><strong>gerenti</strong></span> <span class='ocrx_word' id='word_1_184' title='bbox 867 2270 997 2331; x_wconf 87' lang='lat' dir='ltr'><strong>bellum.</strong></span> <span class='ocrx_word' id='word_1_185' title='bbox 1017 2268 1125 2352; x_wconf 81' lang='lat' dir='ltr'><strong>Atque</strong></span> 
     </span>
     <span class='ocr_line' id='line_1_26' title="bbox 111 2354 1124 2439; baseline -0.004 -18"><span class='ocrx_word' id='word_1_186' title='bbox 111 2380 225 2421; x_wconf 84' lang='lat' dir='ltr'><strong>eorum</strong></span> <span class='ocrx_word' id='word_1_187' title='bbox 238 2359 379 2418; x_wconf 80' lang='lat' dir='ltr'><strong>maxime</strong></span> <span class='ocrx_word' id='word_1_188' title='bbox 396 2378 494 2439; x_wconf 87' lang='lat' dir='ltr'><strong>opera</strong></span> <span class='ocrx_word' id='word_1_189' title='bbox 509 2356 649 2437; x_wconf 81' lang='lat' dir='ltr'><strong>devictus</strong></span> <span class='ocrx_word' id='word_1_190' title='bbox 664 2359 805 2436; x_wconf 70' lang='lat' dir='ltr'><strong>Zyboeta</strong></span> <span class='ocrx_word' id='word_1_191' title='bbox 825 2354 885 2432; x_wconf 82' lang='lat' dir='ltr'><strong>eit,</strong></span> <span class='ocrx_word' id='word_1_192' title='bbox 899 2356 1124 2439; x_wconf 79' lang='lat' dir='ltr'><strong>Bithyniaque</strong></span> 
     </span>
     <span class='ocr_line' id='line_1_27' title="bbox 110 2440 1122 2517; baseline -0.004 -10"><span class='ocrx_word' id='word_1_193' title='bbox 110 2446 219 2507; x_wconf 88' lang='lat' dir='ltr'><strong>omnis</strong></span> <span class='ocrx_word' id='word_1_194' title='bbox 231 2446 271 2507; x_wconf 85' lang='lat' dir='ltr'><strong>in</strong></span> <span class='ocrx_word' id='word_1_195' title='bbox 289 2442 446 2517; x_wconf 79' lang='lat' dir='ltr'><strong>ditionem</strong></span> <span class='ocrx_word' id='word_1_196' title='bbox 462 2441 648 2503; x_wconf 88' lang='lat' dir='ltr'><strong>Nicomedis</strong></span> <span class='ocrx_word' id='word_1_197' title='bbox 663 2441 822 2505; x_wconf 86' lang='lat' dir='ltr'><strong>conceffit.</strong></span> <span class='ocrx_word' id='word_1_198' title='bbox 866 2440 1004 2505; x_wconf 81' lang='lat' dir='ltr'><strong>Profecti</strong></span> <span class='ocrx_word' id='word_1_199' title='bbox 1016 2464 1060 2505; x_wconf 88' lang='lat' dir='ltr'><strong>ex</strong></span> <span class='ocrx_word' id='word_1_200' title='bbox 1072 2443 1122 2503; x_wconf 89' lang='lat' dir='ltr'><strong>Bi-</strong></span> 
     </span>
     <span class='ocr_line' id='line_1_28' title="bbox 108 2527 1121 2614; baseline -0.002 -23"><span class='ocrx_word' id='word_1_201' title='bbox 108 2530 226 2613; x_wconf 80' lang='lat' dir='ltr'><strong>thynia</strong></span> <span class='ocrx_word' id='word_1_202' title='bbox 238 2531 277 2589; x_wconf 89' lang='lat' dir='ltr'><strong>in</strong></span> <span class='ocrx_word' id='word_1_203' title='bbox 291 2528 397 2590; x_wconf 70' lang='lat' dir='ltr'><strong>Asiam</strong></span> <span class='ocrx_word' id='word_1_204' title='bbox 411 2527 639 2613; x_wconf 81' lang='lat' dir='ltr'><strong>processerunt.</strong></span> <span class='ocrx_word' id='word_1_205' title='bbox 684 2550 756 2590; x_wconf 89' lang='lat' dir='ltr'><strong>non</strong></span> <span class='ocrx_word' id='word_1_206' title='bbox 770 2531 842 2614; x_wconf 88' lang='lat' dir='ltr'><strong>plus</strong></span> <span class='ocrx_word' id='word_1_207' title='bbox 856 2551 898 2591; x_wconf 81' lang='lat' dir='ltr'><strong>ex</strong></span> <span class='ocrx_word' id='word_1_208' title='bbox 916 2530 1032 2613; x_wconf 79' lang='lat' dir='ltr'><strong>viginti</strong></span> <span class='ocrx_word' id='word_1_209' title='bbox 1051 2528 1121 2589; x_wconf 83' lang='lat' dir='ltr'><strong>mil-</strong></span> 
     </span>
     <span class='ocr_line' id='line_1_29' title="bbox 108 2614 1122 2697; baseline -0.001 -19"><span class='ocrx_word' id='word_1_210' title='bbox 108 2615 193 2679; x_wconf 86' lang='lat' dir='ltr'><strong>libus</strong></span> <span class='ocrx_word' id='word_1_211' title='bbox 204 2614 392 2691; x_wconf 86' lang='lat' dir='ltr'><strong>hominum,</strong></span> <span class='ocrx_word' id='word_1_212' title='bbox 411 2637 508 2697; x_wconf 84' lang='lat' dir='ltr'><strong>quam</strong></span> <span class='ocrx_word' id='word_1_213' title='bbox 517 2614 768 2687; x_wconf 79' lang='lat' dir='ltr'><strong>¹decem‘armata</strong></span> <span class='ocrx_word' id='word_1_214' title='bbox 781 2632 884 2678; x_wconf 85' lang='lat' dir='ltr'><strong>erant.</strong></span> <span class='ocrx_word' id='word_1_215' title='bbox 927 2632 1040 2677; x_wconf 85' lang='lat' dir='ltr'><strong>tamen</strong></span> <span class='ocrx_word' id='word_1_216' title='bbox 1052 2632 1122 2677; x_wconf 83' lang='lat' dir='ltr'><strong>tan-</strong></span> 
     </span>
     <span class='ocr_line' id='line_1_30' title="bbox 105 2702 1120 2787; baseline -0.002 -22"><span class='ocrx_word' id='word_1_217' title='bbox 105 2718 177 2765; x_wconf 87' lang='lat' dir='ltr'><strong>tum</strong></span> <span class='ocrx_word' id='word_1_218' title='bbox 191 2702 324 2763; x_wconf 87' lang='lat' dir='ltr'><strong>terroris</strong></span> <span class='ocrx_word' id='word_1_219' title='bbox 340 2704 507 2778; x_wconf 88' lang='lat' dir='ltr'><strong>omnibus,</strong></span> <span class='ocrx_word' id='word_1_220' title='bbox 527 2724 606 2785; x_wconf 85' lang='lat' dir='ltr'><strong>quae</strong></span> <span class='ocrx_word' id='word_1_221' title='bbox 626 2704 672 2765; x_wconf 91' lang='lat' dir='ltr'><strong>cis</strong></span> <span class='ocrx_word' id='word_1_222' title='bbox 691 2702 834 2765; x_wconf 87' lang='lat' dir='ltr'><strong>Taurum</strong></span> <span class='ocrx_word' id='word_1_223' title='bbox 854 2704 1022 2777; x_wconf 86' lang='lat' dir='ltr'><strong>incolunt,</strong></span> <span class='ocrx_word' id='word_1_224' title='bbox 1044 2722 1120 2787; x_wconf 83' lang='lat' dir='ltr'><strong>gen-</strong></span> 
     </span>
     <span class='ocr_line' id='line_1_31' title="bbox 104 2787 1119 2874; baseline -0.002 -23"><span class='ocrx_word' id='word_1_225' title='bbox 104 2792 192 2852; x_wconf 88' lang='lat' dir='ltr'><strong>tibus</strong></span> <span class='ocrx_word' id='word_1_226' title='bbox 215 2788 417 2871; x_wconf 74' lang='lat' dir='ltr'><strong>injecerunt,</strong></span> <span class='ocrx_word' id='word_1_227' title='bbox 440 2804 492 2866; x_wconf 88' lang='lat' dir='ltr'><strong>ut,</strong></span> <span class='ocrx_word' id='word_1_228' title='bbox 513 2811 589 2871; x_wconf 88' lang='lat' dir='ltr'><strong>quas</strong></span> <span class='ocrx_word' id='word_1_229' title='bbox 608 2789 762 2866; x_wconf 83' lang='lat' dir='ltr'><strong>adissent,</strong></span> <span class='ocrx_word' id='word_1_230' title='bbox 786 2810 924 2874; x_wconf 87' lang='lat' dir='ltr'><strong>quasque</strong></span> <span class='ocrx_word' id='word_1_231' title='bbox 945 2810 1018 2851; x_wconf 88' lang='lat' dir='ltr'><strong>non</strong></span> <span class='ocrx_word' id='word_1_232' title='bbox 1041 2787 1119 2849; x_wconf 77' lang='lat' dir='ltr'><strong>adis·</strong></span> 
     </span>
     <span class='ocr_line' id='line_1_32' title="bbox 104 2874 1119 2963; baseline -0.002 -24"><span class='ocrx_word' id='word_1_233' title='bbox 104 2874 187 2954; x_wconf 76' lang='lat' dir='ltr'><strong>lent,</strong></span> <span class='ocrx_word' id='word_1_234' title='bbox 202 2876 323 2959; x_wconf 84' lang='lat' dir='ltr'><strong>pariter</strong></span> <span class='ocrx_word' id='word_1_235' title='bbox 329 2877 459 2938; x_wconf 88' lang='lat' dir='ltr'><strong>ultimae</strong></span> <span class='ocrx_word' id='word_1_236' title='bbox 471 2878 661 2963; x_wconf 87' lang='lat' dir='ltr'><strong>propinquis</strong></span> <span class='ocrx_word' id='word_1_237' title='bbox 669 2877 805 2961; x_wconf 86' lang='lat' dir='ltr'><strong>imperio</strong></span> <span class='ocrx_word' id='word_1_238' title='bbox 815 2892 978 2960; x_wconf 83' lang='lat' dir='ltr'><strong>parerent.</strong></span> <span class='ocrx_word' id='word_1_239' title='bbox 998 2874 1119 2937; x_wconf 78' lang='lat' dir='ltr'><strong>Postre-</strong></span> 
     </span>
     <span class='ocr_line' id='line_1_33' title="bbox 104 2961 1117 3047; baseline 0 -22"><span class='ocrx_word' id='word_1_240' title='bbox 104 2984 177 3040; x_wconf 86' lang='lat' dir='ltr'><strong>mo,</strong></span> <span class='ocrx_word' id='word_1_241' title='bbox 221 2984 294 3023; x_wconf 84' lang='lat' dir='ltr'><strong>cum</strong></span> <span class='ocrx_word' id='word_1_242' title='bbox 328 2979 393 3025; x_wconf 88' lang='lat' dir='ltr'><strong>tres</strong></span> <span class='ocrx_word' id='word_1_243' title='bbox 420 2961 523 3024; x_wconf 82' lang='lat' dir='ltr'><strong>essent</strong></span> <span class='ocrx_word' id='word_1_244' title='bbox 555 2981 682 3047; x_wconf 84' lang='lat' dir='ltr'><strong>gentes,</strong></span> <span class='ocrx_word' id='word_1_245' title='bbox 725 2962 928 3044; x_wconf 81' lang='lat' dir='ltr'><strong>Tolistoboji,</strong></span> <span class='ocrx_word' id='word_1_246' title='bbox 971 2962 1117 3039; x_wconf 84' lang='lat' dir='ltr'><strong>Trocmi,</strong></span> 
     </span>
     <span class='ocr_line' id='line_1_34' title="bbox 102 3043 1144 3136; baseline 0 -25"><span class='ocrx_word' id='word_1_247' title='bbox 102 3043 286 3135; x_wconf 80' lang='lat' dir='ltr'><strong>Tectosagi,</strong></span> <span class='ocrx_word' id='word_1_248' title='bbox 308 3052 347 3112; x_wconf 83' lang='lat' dir='ltr'><strong>in</strong></span> <span class='ocrx_word' id='word_1_249' title='bbox 368 3067 437 3113; x_wconf 83' lang='lat' dir='ltr'><strong>tres</strong></span> <span class='ocrx_word' id='word_1_250' title='bbox 459 3066 581 3136; x_wconf 87' lang='lat' dir='ltr'><strong>partes,</strong></span> <span class='ocrx_word' id='word_1_251' title='bbox 612 3072 673 3134; x_wconf 85' lang='lat' dir='ltr'><strong>qua</strong></span> <span class='ocrx_word' id='word_1_252' title='bbox 695 3051 808 3134; x_wconf 82' lang='lat' dir='ltr'><strong>cuique</strong></span> <span class='ocrx_word' id='word_1_253' title='bbox 830 3051 1025 3133; x_wconf 75' lang='lat' dir='ltr'><strong>populorum</strong></span> <span class='ocrx_word' id='word_1_254' title='bbox 1047 3048 1116 3111; x_wconf 78' lang='lat' dir='ltr'><strong>luo·</strong></span> <span class='ocrx_word' id='word_1_255' title='bbox 1139 3065 1144 3076; x_wconf 90' lang='grc'><strong>’</strong></span> 
     </span>
     <span class='ocr_line' id='line_1_35' title="bbox 102 3135 1123 3223; baseline -0.002 -24"><span class='ocrx_word' id='word_1_256' title='bbox 102 3148 177 3199; x_wconf 72' lang='lat' dir='ltr'><strong>tum</strong></span> <span class='ocrx_word' id='word_1_257' title='bbox 197 3139 358 3223; x_wconf 77' lang='lat' dir='ltr'><strong>vectigalis</strong></span> <span class='ocrx_word' id='word_1_258' title='bbox 376 3136 450 3200; x_wconf 85' lang='lat' dir='ltr'><strong>Alia</strong></span> <span class='ocrx_word' id='word_1_259' title='bbox 472 3135 565 3216; x_wconf 82' lang='lat' dir='ltr'><strong>esset,</strong></span> <span class='ocrx_word' id='word_1_260' title='bbox 602 3136 787 3200; x_wconf 80' lang='lat' dir='ltr'><strong>divisertmt.</strong></span> <span class='ocrx_word' id='word_1_261' title='bbox 822 3137 970 3197; x_wconf 83' lang='lat' dir='ltr'><strong>Trocmis</strong></span> <span class='ocrx_word' id='word_1_262' title='bbox 992 3136 1123 3197; x_wconf 79' lang='lat' dir='ltr'><strong>Helles·-</strong></span> 
     </span>
     <span class='ocr_line' id='line_1_36' title="bbox 99 3223 1117 3309; baseline -0.001 -23"><span class='ocrx_word' id='word_1_263' title='bbox 99 3225 196 3307; x_wconf 75' lang='lat' dir='ltr'><strong>&#39;ponti</strong></span> <span class='ocrx_word' id='word_1_264' title='bbox 219 3244 276 3286; x_wconf 85' lang='lat' dir='ltr'><strong>ora</strong></span> <span class='ocrx_word' id='word_1_265' title='bbox 296 3224 387 3303; x_wconf 83' lang='lat' dir='ltr'><strong>date3</strong></span> <span class='ocrx_word' id='word_1_266' title='bbox 410 3223 596 3309; x_wconf 85' lang='lat' dir='ltr'><strong>Tolistoboji</strong></span> <span class='ocrx_word' id='word_1_267' title='bbox 618 3224 755 3287; x_wconf 86' lang='lat' dir='ltr'><strong>Aeolida</strong></span> <span class='ocrx_word' id='word_1_268' title='bbox 775 3240 869 3309; x_wconf 84' lang='lat' dir='ltr'><strong>etque</strong></span> <span class='ocrx_word' id='word_1_269' title='bbox 885 3223 1031 3300; x_wconf 75' lang='lat' dir='ltr'><strong>Ioniam,</strong></span> <span class='ocrx_word' id='word_1_270' title='bbox 1051 3224 1117 3285; x_wconf 82' lang='lat' dir='ltr'><strong>Te·</strong></span> 
     </span>
     <span class='ocr_line' id='line_1_37' title="bbox 98 3308 1116 3395; baseline -0.002 -24"><span class='ocrx_word' id='word_1_271' title='bbox 98 3311 216 3395; x_wconf 80' lang='lat' dir='ltr'><strong>ctolagi</strong></span> <span class='ocrx_word' id='word_1_272' title='bbox 238 3311 476 3375; x_wconf 86' lang='lat' dir='ltr'><strong>mediterranea</strong></span> <span class='ocrx_word' id='word_1_273' title='bbox 495 3310 589 3375; x_wconf 80' lang='lat' dir='ltr'><strong>Aliae</strong></span> <span class='ocrx_word' id='word_1_274' title='bbox 609 3311 709 3375; x_wconf 84' lang='lat' dir='ltr'><strong>sortiti</strong></span> <span class='ocrx_word' id='word_1_275' title='bbox 728 3311 812 3373; x_wconf 81' lang='lat' dir='ltr'><strong>[unt.</strong></span> <span class='ocrx_word' id='word_1_276' title='bbox 856 3327 889 3373; x_wconf 86' lang='lat' dir='ltr'><strong>et</strong></span> <span class='ocrx_word' id='word_1_277' title='bbox 916 3308 1116 3394; x_wconf 81' lang='lat' dir='ltr'><strong>stipendium</strong></span> 
     </span>
     <span class='ocr_line' id='line_1_38' title="bbox 96 3392 1115 3485; baseline 0 -26"><span class='ocrx_word' id='word_1_278' title='bbox 96 3411 166 3459; x_wconf 76' lang='lat' dir='ltr'><strong>tota</strong></span> <span class='ocrx_word' id='word_1_279' title='bbox 181 3398 227 3462; x_wconf 87' lang='lat' dir='ltr'><strong>cis</strong></span> <span class='ocrx_word' id='word_1_280' title='bbox 241 3401 384 3471; x_wconf 81' lang='lat' dir='ltr'><strong>Taurum</strong></span> <span class='ocrx_word' id='word_1_281' title='bbox 398 3398 473 3463; x_wconf 78' lang='lat' dir='ltr'><strong>Alia</strong></span> <span class='ocrx_word' id='word_1_282' title='bbox 486 3401 665 3485; x_wconf 82' lang='lat' dir='ltr'><strong>exigebant.</strong></span> <span class='ocrx_word' id='word_1_283' title='bbox 708 3396 824 3462; x_wconf 81' lang='lat' dir='ltr'><strong>Sedent</strong></span> <span class='ocrx_word' id='word_1_284' title='bbox 848 3412 955 3458; x_wconf 87' lang='lat' dir='ltr'><strong>autem</strong></span> <span class='ocrx_word' id='word_1_285' title='bbox 973 3394 1033 3481; x_wconf 87' lang='lat' dir='ltr'><strong>ipfi</strong></span> <span class='ocrx_word' id='word_1_286' title='bbox 1054 3392 1115 3459; x_wconf 79' lang='lat' dir='ltr'><strong>fibi</strong></span> 
     </span>
     <span class='ocr_line' id='line_1_39' title="bbox 96 3484 1114 3570; baseline -0.002 -23"><span class='ocrx_word' id='word_1_287' title='bbox 96 3484 184 3549; x_wconf 76' lang='lat' dir='ltr'><strong>eirea</strong></span> <span class='ocrx_word' id='word_1_288' title='bbox 208 3484 324 3568; x_wconf 72' lang='lat' dir='ltr'><strong>Halyn</strong></span> <span class='ocrx_word' id='word_1_289' title='bbox 337 3486 459 3565; x_wconf 70' lang='lat' dir='ltr'><strong>flumen</strong></span> <span class='ocrx_word' id='word_1_290' title='bbox 474 3502 639 3570; x_wconf 85' lang='lat' dir='ltr'><strong>ceperunt.</strong></span> <span class='ocrx_word' id='word_1_291' title='bbox 682 3484 852 3568; x_wconf 78' lang='lat' dir='ltr'><strong>tantusque</strong></span> <span class='ocrx_word' id='word_1_292' title='bbox 872 3500 979 3546; x_wconf 87' lang='lat' dir='ltr'><strong>terror</strong></span> <span class='ocrx_word' id='word_1_293' title='bbox 998 3504 1114 3545; x_wconf 86' lang='lat' dir='ltr'><strong>eorum</strong></span> 
     </span>
     <span class='ocr_line' id='line_1_40' title="bbox 92 3570 1112 3657; baseline -0.002 -24"><span class='ocrx_word' id='word_1_294' title='bbox 92 3574 243 3641; x_wconf 73' lang='lat' dir='ltr'><strong>nominis</strong></span> <span class='ocrx_word' id='word_1_295' title='bbox 263 3589 347 3650; x_wconf 88' lang='lat' dir='ltr'><strong>erat,</strong></span> <span class='ocrx_word' id='word_1_296' title='bbox 382 3574 588 3635; x_wconf 87' lang='lat' dir='ltr'><strong>multitudine</strong></span> <span class='ocrx_word' id='word_1_297' title='bbox 610 3573 706 3652; x_wconf 81' lang='lat' dir='ltr'><strong>etiam</strong></span> <span class='ocrx_word' id='word_1_298' title='bbox 729 3592 848 3657; x_wconf 80' lang='lat' dir='ltr'><strong>magna</strong></span> <span class='ocrx_word' id='word_1_299' title='bbox 871 3570 979 3633; x_wconf 80' lang='lat' dir='ltr'><strong>sobole</strong></span> <span class='ocrx_word' id='word_1_300' title='bbox 1006 3586 1112 3647; x_wconf 75' lang='lat' dir='ltr'><strong>aucta,</strong></span> 
     </span>
     <span class='ocr_line' id='line_1_41' title="bbox 83 3656 1113 3745; baseline 0 -26"><span class='ocrx_word' id='word_1_301' title='bbox 83 3672 129 3719; x_wconf 75' lang='lat' dir='ltr'><strong>nrt</strong></span> <span class='ocrx_word' id='word_1_302' title='bbox 147 3660 262 3742; x_wconf 80' lang='lat' dir='ltr'><strong>Syriae</strong></span> <span class='ocrx_word' id='word_1_303' title='bbox 283 3683 408 3745; x_wconf 88' lang='lat' dir='ltr'><strong>quoque</strong></span> <span class='ocrx_word' id='word_1_304' title='bbox 430 3658 472 3723; x_wconf 88' lang='lat' dir='ltr'><strong>ad</strong></span> <span class='ocrx_word' id='word_1_305' title='bbox 486 3660 681 3745; x_wconf 71' lang='lat' dir='ltr'><strong>postremum</strong></span> <span class='ocrx_word' id='word_1_306' title='bbox 703 3678 793 3744; x_wconf 85' lang='lat' dir='ltr'><strong>reges</strong></span> <span class='ocrx_word' id='word_1_307' title='bbox 811 3656 1008 3741; x_wconf 78' lang='lat' dir='ltr'><strong>stipendium</strong></span> <span class='ocrx_word' id='word_1_308' title='bbox 1031 3656 1113 3719; x_wconf 74' lang='lat' dir='ltr'><strong>aar·</strong></span> 
     </span>
     <span class='ocr_line' id='line_1_42' title="bbox 53 3741 1111 3889; baseline -0.005 -75"><span class='ocrx_word' id='word_1_309' title='bbox 53 3752 153 3838; x_wconf 22' lang='lat' dir='ltr'><strong>*jon</strong></span> <span class='ocrx_word' id='word_1_310' title='bbox 170 3746 377 3823; x_wconf 74' lang='lat' dir='ltr'><strong>abnuerent.&#39;</strong></span> <span class='ocrx_word' id='word_1_311' title='bbox 419 3752 548 3822; x_wconf 76' lang='lat' dir='ltr'><strong>Primus</strong></span> <span class='ocrx_word' id='word_1_312' title='bbox 567 3747 905 3817; x_wconf 59' lang='lat' dir='ltr'><strong>summouisse</strong></span> <span class='ocrx_word' id='word_1_313' title='bbox 919 3741 1111 3889; x_wconf 36' lang='lat' dir='ltr'><strong>atuor&amp;</strong></span> 
     </span>
     <span class='ocr_line' id='line_1_43' title="bbox 794 3846 1128 3897; baseline -0.003 1"><span class='ocrx_word' id='word_1_314' title='bbox 794 3858 799 3863; x_wconf 96' lang='lat'><em>·</em></span> <span class='ocrx_word' id='word_1_315' title='bbox 1094 3846 1128 3897; x_wconf 57' lang='lat' dir='ltr'><strong>s.</strong></span> 
     </span>
    </p>
   </div>
   <div class='ocr_carea' id='block_1_4' title="bbox 0 0 1182 4140">
    <p class='ocr_par' dir='ltr' id='par_1_4' title="bbox 0 0 1182 4140">
     <span class='ocr_line' id='line_1_44' title="bbox 0 0 1182 4140; baseline 0 9"><span class='ocrx_word' id='word_1_316' title='bbox 0 0 1182 4140; x_wconf 95' lang='lat' dir='ltr'><strong> </strong></span> 
     </span>
    </p>
   </div>
  </div>
 </body>
</html>
