2354 4140
73 158 76 165 .
122 101 462 230 wera
490 117 659 179 xxxvm.
711 78 799 184 oss.
822 102 1143 231 novus-..4-

126 310 533 331 ,.,.........-...-..

126 351 165 430 est
187 367 340 409 terrarnnt
369 350 446 406 eirea
471 343 563 406 Tauri
581 348 675 431 juga,
713 348 867 411 Gallorum
895 358 1047 437 imperio,
1076 379 1136 419 nott

124 438 238 516 oestro,
265 432 446 518 adjteiffetis.
490 432 534 492 At
556 437 628 495 enim
642 435 717 517 fient
738 437 920 518 quidcuisla
936 449 1133 523 aera..·etiam

128 521 280 603 Delplaos,
315 519 460 603 qnondam
494 518 637 580 conrnune
673 518 791 583 leumani
820 519 947 608 generis*
975 528 1133 609 oraculum,

125 608 290 679 umbilicum
314 606 586 689 oplis.‘terrarum,
619 605 697 669 Galli
719 608 948 690 spoliaverant:
984 635 1036 675 nec
1069 618 1133 679 ideo

124 696 256 780 populns
281 693 429 755 Romanus
454 689 499 753 leis
520 691 622 757 bellum
644 692 775 774 indixit,
803 716 856 779 ape
875 698 990 761 intulit,
1039 702 1136 785 Equi.

121 780 188 844 'dent
206 781 321 865 aliquid
342 776 476 860 intereffe
498 779 583 840 rebar
605 785 685 842 inter
708 782 740 847 id
761 802 897 865 ternpus,
925 805 983 868 quo
1003 788 1156 853 nondute'

124 874 155 932 in
171 871 244 952 jure
265 890 297 929 ac
320 863 549 942 ditioneloestra
569 865 695 931 Graecia
711 889 799 950 atque
820 870 887 944 Asea
908 886 994 949 erat,
1023 874 1064 937 ad
1085 880 1132 937 eni

123 950 248 1023 randum
275 953 638 1036 animadvertendumque,
675 955 750 1037 qaid
778 962 809 1017 in
840 954 1006 1031 laisterris
1028 959 1131 1040 fieret,

124 1063 154 1113 tt
177 1040 253 1118 ltoc,
289 1062 347 1124 quo
375 1036 463 1127 finem
485 1046 604 1123 imperii
628 1042 752 1105 Romani
778 1041 910 1105 Taurum
938 1065 1063 1109 montem
1074 1048 1132 1127 fle·

123 1128 238 1207 tuistis,
275 1150 333 1210 quo
370 1128 535 1191 libertatern
570 1133 811 1191 irramanieatenne
841 1132 1011 1195 civitatibus
1041 1134 1129 1207 dotis,

122 1238 179 1301 qno
202 1216 269 1279 aliis
283 1214 359 1295 fines
378 1214 527 1297 adjicitis,
555 1215 623 1277 allas
636 1238 713 1303 agro,
729 1216 900 1293 mulctatis,¹
917 1218 985 1281 aliis
1007 1221 1131 1309 uectigal

123 1306 300 1384 imponitis:
345 1322 438 1386 regna
460 1307 595 1387 augetis,
625 1308 773 1380 ntiranitis,
809 1305 941 1381 donatis,
978 1308 1128 1371 adimitis:
1159 1334 1162 1339 ·

122 1409 209 1450 curae
229 1388 338 1466 oellrae
359 1388 476 1470 censetis
498 1386 568 1471 effe,
593 1409 627 1449 ut
643 1410 739 1471 pacem
757 1410 840 1469 terra
855 1390 984 1474 :starique
998 1391 1129 1457 meane

122 1479 187 1545 An,
210 1473 264 1548 rifi
279 1471 426 1557 praefidit
441 1475 797 1559 dednxiffetrlntiocltus,
826 1488 1004 1560 qnaeqnitta
1020 1485 1052 1541 in
1062 1476 1129 1564 sctit

30 1608 33 1613 ,
115 1560 240 1625 arcibus
262 1583 364 1639 erant,
400 1582 456 1623 non
477 1568 628 1643 putaretis
647 1562 796 1643 liberatam
818 1566 941 1639 Afiatst?
979 1565 1128 1638 fiGallo.

123 1670 189 1710 runt
212 1656 358 1711 exercitus
381 1648 467 1730 effuso
485 1670 692 1736 negarentur,
725 1634 790 1711 rltta
813 1651 889 1713 dona
911 1646 1023 1728 vestra,
1057 1666 1128 1738 qaa'e

122 1734 263 1813 dedistis.
310 1739 379 1820 regi
394 1734 561 1815 ,Eumeni-,·
596 1757 661 1797 rata
684 1734 815 1799 libertis
842 1739 1011 1800 civieetilas
1037 1742 1128 1824 effes?
1169 1774 1171 1781 ·

124 1823 182 1883 Sed
203 1822 278 1906 qnid
298 1847 349 1910 ego
371 1819 439 1885 lateo
461 1824 504 1887 ito
528 1842 741 1906 argumentor5
776 1844 907 1907 tanquam
935 1848 993 1887 non
1015 1834 1151 1912 aceepi-¹

121 1916 198 1979 rita,
214 1908 269 1993 sed
282 1898 410 1992 feclrt‘m
431 1908 524 1989 laostes
551 1910 673 1973 Gallos?
710 1908 769 1986 Te,
793 1910 830 1979 L.¹
852 1910 967 1996 Scipio,
996 1916 1125 2001 appello,
1158 1920 1170 1933 ‘'

82 2038 87 2057 ‚
120 2000 203 2080 crpus
228 2019 280 2082 ego
301 1997 390 2075 milti,
410 1998 618 2080 succedentia
642 2001 731 2059 vitem
754 2001 873 2081 inperii
894 2003 958 2069 tui‘,
984 2006 1127 2065 virtutem

112 2085 343 2169 filieitatemqut
371 2089 491 2171 pariter
519 2107 576 2146 non
602 2084 726 2166 frustra
754 2084 789 2145 ab
818 2083 890 2144 Diis
914 2088 1132 2163 immortalibus,
1165 2120 1171 2141 .

118 2190 260 2254 precatus
274 2173 361 2258 sum;
395 2193 441 2245 te,
461 2172 498 2235 P.
519 2171 636 2253 SeIpio,
656 2176 709 2253 qni
730 2172 818 2256 legati
834 2176 905 2257 jus,
929 2172 1055 2259 collegae
1072 2198 1127 2238 sna

111 2258 260 2345 jsflatem,
299 2281 328 2321 et
356 2260 434 2341 apud
452 2258 585 2340 fratrem
616 2257 769 2341 consulent,
803 2279 831 2319 et
852 2257 937 2336 apad
965 2267 1127 2329 exercitata

118 2345 261 2423 lsabseisti;
295 2348 453 2428 sciatisne,
483 2352 515 2407 in
533 2349 667 2405 exercitu
690 2342 831 2415 Antioclei
856 2344 1011 2409 Gallorum
1035 2348 1126 2437 legio·

118 2456 170 2494 nes
189 2430 308 2512 fniffe?
349 2433 492 2493 videritis
521 2435 552 2491 t'tt
573 2437 632 2492 acie
653 2453 718 2506 eos,
750 2438 781 2494 in
803 2452 897 2493 cornu
920 2453 1049 2515 utroque
1076 2436 1127 2515 (id

51 2514 54 2521 ⁵
119 2526 194 2582 enim
208 2517 326 2591 roboris
342 2518 394 2598 effe
408 2518 581 2593 uidebatur)
598 2516 729 2579 locatos?
759 2525 983 2603 pugnaveritis,
1005 2542 1041 2583 nt
1063 2516 1127 2586 curet

117 2603 241 2682 ltojlilus
256 2603 373 2687 justis?¹
394 2605 586 2665 cecideritis?
600 2602 700 2686 spolia
722 2626 822 2667 eornm
844 2607 1041 2669 retuleritis?
1070 2612 1128 2673 Ate
1169 2681 1171 2692 Ι

117 2696 171 2777 qui
193 2709 255 2750 cum
276 2695 440 2761 Antiocho,
467 2712 524 2752 noa
546 2710 608 2750 cum
634 2688 746 2767 Gallis,
775 2691 876 2755 bellurn
898 2713 927 2753 et
941 2693 1062 2775 senatres
1079 2694 1126 2759 dt.-

117 2798 269 2852 creuerat,
299 2797 328 2837 et
342 2777 476 2861 populus
490 2777 625 2861 jafferat.
662 2766 829 2858 sedfimul,
858 2799 893 2839 ut
910 2785 1038 2862 opinor,
1061 2803 1125 2845 eunt
1169 2808 1171 2813 ·

117 2865 162 2929 lais
191 2864 383 2926 decreverant
405 2863 626 2947 jnfflrancqne,
669 2866 722 2945 qui
759 2871 841 2927 intra
876 2870 941 2951 eius
974 2867 1125 2949 praesidia
1168 2889 1171 2943 j

109 2953 253 3040 fniffent.'
295 2972 334 3012 eo:
366 2951 483 3034 qnilus,
500 2969 636 3033 ¹praeter
662 2950 852 3022 Antiochum,
889 2973 952 3014 earn
987 2974 1047 3035 quo
1072 2978 1124 3038 pa·

116 3063 175 3104 cent
194 3043 355 3124 pepigerat
380 3039 498 3122 Scipio,
532 3057 561 3096 et
589 3058 652 3097 cunt
679 3061 737 3119 qno
766 3045 934 3101 nominatim
946 3038 1063 3121 foedus
1089 3060 1126 3103 att
1169 3054 1171 3103 ἱ

110 3126 218 3211 fieret,
257 3124 494 3199 rnanouueratis,
532 3144 625 3183 ornnes
651 3122 742 3201 lessies
771 3146 884 3201 erant,
905 3130 959 3208 qni
980 3149 1039 3207 pro
1063 3131 1125 3213 Aa·
1169 3126 1171 3134 '

114 3212 211 3279 tioclao
239 3234 319 3275 arma
345 3211 485 3293 adversus
514 3230 565 3273 nos
592 3210 736 3273 tulerant.
798 3213 833 3273 In
864 3234 921 3296 qao
949 3214 1029 3299 confit
1060 3234 1125 3299 ces·
1167 3264 1171 3283 J

48 3358 51 3367 .
117 3302 200 3365 Galli
220 3320 286 3361 ante
307 3321 400 3361 amoses
415 3296 561 3378 ficissent,
585 3318 613 3356 et
635 3298 735 3381 regali
756 3300 896 3380 qnidam,
919 3322 949 3361 ec
967 3308 1124 3387 syranni5
1160 3296 1163 3301 ¹

113 3412 175 3476 ego
189 3384 282 3449 tanen
303 3408 332 3447 ee
353 3385 519 3462 castaliis,
545 3405 604 3467 pro
628 3384 776 3469 dignitate
788 3392 916 3468 'imperii
937 3390 1027 3468 nellri
1046 3410 1124 3453 coac·

114 3486 155 3543 tis
176 3476 257 3535 luere
279 3491 393 3554 peecata
411 3472 483 3557 sua,
510 3492 604 3552 pacem
625 3477 748 3556 pepigi:
776 3495 804 3534 et
828 3474 981 3537 Gallorum
1001 3480 1123 3557 arms,
1168 3470 1171 3487 ¹

110 3562 265 3646 fipoffent
285 3564 418 3643 mitigari
437 3558 594 3643 aftrttate
617 3557 719 3633 lafita,
743 3566 871 3622 ceretani:
902 3584 948 3638 et,
971 3562 1123 3647 postquam
1151 3606 1156 3617 .

113 3653 272 3718 indomitos
305 3665 390 3727 atque
423 3636 614 3726 implacabiles
647 3647 810 3715 cernebam,
850 3666 913 3709 tum
947 3650 1123 3725 demunt-'ui

113 3736 199 3825 as'qne
228 3735 320 3799 arnis
348 3738 521 3795 coireeadas
547 3744 633 3795 totns
647 3732 722 3815 fun.
752 3733 879 3814 Nunc,
905 3741 1047 3819 quonian
1056 3738 1124 3821 spt-

1042 3826 1125 3911 cepti
