2354 4140
120 130 187 205 32⁶
368 106 719 190 uruuuxr'txvur.
765 94 900 189 ciat.
1076 176 1086 193 ,

118 210 434 227 .............
742 210 1147 319 N.1u·········*‡

379 232 418 291 υ.
436 233 469 292 c.
485 226 724 331 56Q

390 487 627 559 LIBER
677 487 869 557 XXXVIII.

123 679 147 740 l.
173 640 279 735 Dum
299 672 337 735 in
348 670 423 733 Asta
435 671 557 732 bellum
578 670 714 753 geritur,
748 692 792 733 ne
809 673 846 733 in
860 669 985 735 Aetolis
1008 668 1134 755 quidem

72 758 80 767 ⁵
123 764 247 848 quietae
279 781 331 821 res
367 758 513 832 fuerant,
547 759 709 841 principio
741 779 760 818 a
785 775 880 842 gente
916 757 1144 819 Athamanum.

122 866 202 912 orto.
235 846 432 911 Athamania
445 866 483 905 ea
495 842 697 926 tempestate,
720 846 809 928 pulso
822 844 1132 927 Amynandro,.·sult

120 935 291 1025 praefectis
303 932 441 1014 Philippi
454 931 542 1015 regio
557 933 727 991 tenebatur
742 931 914 1017 praefidioz
931 934 987 1016 qui
1000 932 1136 1017 srtperbo.

121 1042 215 1107 utque
231 1014 403 1085 inmodico
418 1018 555 1100 imperio
564 1016 755 1078 desiderium
762 1017 974 1101 Amynandri
981 1017 1134 1079 fecerant.-

119 1102 291 1173 Exsulanti
303 1124 372 1166 tum
385 1103 606 1184 Atnqnandro
622 1106 659 1165 in
671 1103 799 1167 Aetolia
814 1108 914 1167 literis
925 1104 1078 1183 suonam,
1087 1108 1129 1169 in·

122 1198 300 1263 dicentium
318 1191 431 1252 statum
450 1189 683 1268 Athamaniae,
715 1191 785 1275 spes
806 1192 1026 1276 recuperandi
1045 1192 1135 1277 regni·

121 1285 205 1346 sucta
225 1282 279 1348 est.
342 1277 523 1359 remissique
545 1279 655 1339 nuntii
676 1282 715 1338 ab
737 1288 783 1341 eo'
796 1277 838 1339 ad
859 1282 1026 1365 principes
1047 1278 1136 1364 Argi-t

120 1373 256 1444 theam,
268 1364 318 1443 (id
332 1367 421 1426 enim
438 1379 531 1447 caput
547 1361 761 1428 Athamaniae
787 1372 874 1446 erat)
890 1364 913 1427 li
932 1368 1129 1450 popularium

121 1458 247 1521 animos
273 1452 345 1514 satis
367 1450 548 1535 perspectos
568 1451 717 1528 haberet,
754 1454 924 1536 impetrato
946 1456 986 1513 ab
1014 1450 1130 1515 Aetolia

121 1543 257 1615 auxilio,
277 1541 314 1601 in
329 1534 559 1601 Athamaniam
571 1536 603 1597 se
618 1555 791 1599 venturum
806 1562 878 1599 cmn
896 1540 1033 1602 delectis
1041 1540 1130 1603 Aeto·

119 1624 246 1705 lunum,
266 1626 354 1709 quod
372 1624 538 1685 confilium
561 1624 638 1684 esset
659 1626 780 1707 gentis,
802 1644 833 1687 et
854 1627 1026 1689 Nicandro
1046 1648 1129 1714 prae-

119 1736 201 1778 tore.
245 1734 339 1797 quos,
360 1713 417 1773 ubi
437 1708 479 1772 ad
500 1712 611 1772 omnia
628 1728 755 1794 paratos
778 1712 841 1780 esse
863 1712 960 1792 vidit,
983 1716 1134 1777 certioret

120 1801 257 1867 subinde
271 1799 362 1875 sacit,
385 1821 448 1881 quo
464 1796 517 1858 die
530 1820 604 1858 cum
619 1800 761 1859 exercitu
775 1800 1005 1861 Athamaniam
1017 1796 1128 1885 ingres-

120 1891 217 1953 surus-
228 1887 313 1949 esset.
350 1889 494 1965 Quatuor
511 1886 615 1968 primo
630 1883 719 1945 suere
735 1887 892 1970 conjurati
906 1884 1056 1949 adversus
1070 1888 1131 1949 Mt·

121 1977 285 2040 cadonum
298 1972 499 2057 praesidium,
544 1971 687 2033 hisenos
703 1971 760 2034 libi
774 1974 931 2057 adjutores
945 1972 1072 2035 adrem
1086 1994 1131 2057 ge-
1169 1972 1171 1981 '

86 2088 89 2093 ·
120 2064 260 2127 rendam
273 2060 498 2128 assumserunt:
513 2057 643 2135 deinde,
660 2061 815 2142 paucitate
827 2083 943 2143 parurn
950 2058 1038 2139 freti,
1055 2080 1132 2144 quae

121 2151 277 2215 celandae
290 2150 356 2224 rei,
378 2169 474 2229 quam
487 2146 646 2229 agendae,
669 2148 771 2228 aptior
792 2164 878 2223 erat,
897 2168 1013 2231 parem
1034 2146 1133 2232 priori

120 2260 295 2301 numerum
326 2233 521 2315 adjecerunt.
574 2236 621 2295 Ita
642 2231 706 2292 duo
729 2249 760 2292 et
789 2234 1022 2316 quinquaginta
1048 2232 1131 2309 sacti,

121 2321 351 2403 quadrifariam
364 2320 395 2379 sc
411 2319 602 2380 diviserunt:
622 2341 696 2401 pars
717 2342 783 2379 una
807 2322 1013 2405 Heracleam,
1035 2322 1134 2381 altera
1168 2360 1171 2367 -

122 2401 367 2491 Tetraphyliam
382 2407 477 2486 petit,
498 2408 552 2465 ubi
567 2404 706 2465 custodia
721 2408 823 2489 regiae
838 2407 995 2490 pecuniae
1010 2406 1077 2469 esse
1088 2406 1132 2467 so·

120 2498 178 2559 lita
192 2508 277 2568 erat,
295 2493 387 2552 tertia
402 2491 635 2567 Thmdo'riaru,
655 2511 766 2574 quarta
780 2493 974 2577 Argitheam.
1001 2536 1004 2541 -
1021 2496 1072 2554 Ita
1085 2494 1131 2553 in-

120 2601 172 2643 tcr
186 2600 299 2640 omnes
315 2578 486 2651 conuenit,
508 2595 543 2637 ut
557 2581 662 2660 primo
677 2581 789 2660 quieti,
811 2583 897 2641 velut
912 2578 954 2640 ad
973 2576 1132 2664 privatam

120 2689 193 2729 rem
205 2663 363 2749 agendam
378 2662 556 2740 uenissent,
575 2665 613 2724 in
626 2663 697 2725 foro
714 2666 979 2729 obversarenturt
997 2667 1053 2729 die
1068 2686 1132 2727 cer·

121 2772 153 2815 ta
167 2750 407 2813 multitudinem
423 2772 554 2810 omnem
570 2770 788 2813 convocarent
802 2752 844 2813 ad
858 2751 1013 2837 praefidia
1029 2756 1133 2815 Mace·

122 2839 392 2915 donumarcibus
416 2837 617 2921 expellenda.
671 2840 736 2898 Ubi
756 2860 795 2899 ea
821 2838 888 2901 dies
917 2838 1065 2918 advenit,
1103 2854 1134 2901 et

120 2924 338 3008 Amynander
357 2946 430 2985 cum
451 2924 539 2985 mille
561 2922 683 2984 Aetolis
699 2925 868 3009 insi-nibus
883 2942 969 3005 erat3
990 2948 1133 2991 excom·

120 3041 143 3099 p
157 3014 221 3075 »lito
236 3029 369 3095 quatuor
382 3012 470 3072 limul
487 3013 564 3087 locis
580 3010 735 3095 praesidia
754 3012 972 3075 Macedonum
991 3012 1134 3097 expulsa,

119 3102 294 3181 literaeque
308 3101 346 3161 in
360 3100 436 3159 alias
450 3101 545 3160 urbes
564 3094 675 3180 pastim
697 3098 857 3176 dimissae,
876 3116 911 3159 nt
925 3098 1134 3162 viudicarent

119 3186 186 3248 sese
202 3190 242 3247 ab
256 3187 428 3269 impotenti
443 3184 665 3247 dominatione
681 3185 817 3269 Philippi
834 3202 865 3247 et
877 3184 1083 3261 restituerent
1093 3178 1134 3249 in

120 3274 261 3357 parium
291 3294 326 3332 ac
352 3272 528 3353 legitimum
555 3292 701 3353 reguum.
756 3271 908 3355 Undique
935 3272 1134 3353 Macedonet

122 3360 337 3445 expelluntur.
383 3360 522 3441 Tlrejum
537 3358 709 3441 oppidum,
729 3358 872 3443 literisia
885 3361 1021 3426 Zenone
1040 3362 1133 3443 prae'-

122 3449 206 3507 secto
216 3445 568 3535 praesidiiiuterceptis,
585 3461 616 3504 ct
629 3466 701 3504 arce
718 3446 758 3505 ab
771 3446 866 3527 regiis
881 3444 1043 3530 occupata,
1057 3468 1133 3529 pau·

121 3553 175 3594 ros
191 3530 258 3593 dies
274 3530 489 3597 obsidentibus
503 3529 629 3591 restitit:
650 3530 772 3591 deinde
787 3532 823 3591 id
838 3554 963 3615 quoque
978 3532 1135 3595 traditum

124 3616 338 3700 lunyuaudro
348 3616 401 3691 est,
411 3616 792 3679 etomnisAtlramaniain
800 3616 952 3700 potestate
962 3624 1132 3705 eratgptae·

115 3730 166 3766 ..rr
178 3705 387 3769 Athertaetuu
405 3704 578 3782 cultellum,
597 3704 709 3765 linibus
724 3703 933 3767 Macedoniae
946 3704 1131 3791 subjectum.

994 3882 999 3889 ,
1086 3809 1137 3867 u.
