2354 4140
93 368 157 409 nec
170 346 235 405 ullo
244 338 531 415 commendabilem
539 338 667 416 merito,
681 338 908 421 praeferebant
920 332 1014 427 vulgo
1029 343 1105 406 ctri-

92 448 248 503 tatestam
267 428 320 510 pio
337 446 411 509 erga
433 425 647 511 propinquos,
677 442 741 485 tam
757 424 888 506 justojn
903 429 1007 506 cives,
1037 445 1105 490 tam

93 516 246 582 munifico
266 534 340 596 erga
355 532 467 572 omnes
481 510 630 577 homines
641 513 725 597 regi,
747 511 801 573 seu
815 511 900 574 seme
914 531 948 576 et
964 515 1107 599 majesta,

92 624 125 675 te
136 600 350 679 Macedonum
366 619 475 682 regum
493 599 717 680 praeoccupati
734 598 774 659 ad
782 598 997 681 spernendam
1007 603 1105 687 origi-

92 714 169 759 nem
184 690 259 751 novi
276 687 386 769 regni;
411 684 461 745 seu
482 685 663 746 mutationis
678 708 785 747 rernm
800 687 928 769 cupidi;
954 687 1009 751 seu
1025 689 1103 771 quia
1120 703 1125 709 '

26 790 29 795 '
92 800 164 843 eum
180 778 340 861 objectum
357 770 419 833 esse
429 772 582 833 Romanis
599 774 757 834 solebant.
792 772 896 836 Erant
911 790 1098 839 autemnon

91 865 201 927 Aetoli
215 860 312 923 tntido
324 861 361 919 in
376 858 593 931 seditionibus,
614 848 747 941 propter
761 859 928 943 ingentem
936 862 1004 924 rim
1018 863 1101 929 aeris

91 943 208 1026 alieni,
231 945 437 1009 sed'sbassali
460 945 570 1007 etiem:
600 965 637 1005 ea
654 945 865 1029 contagione,
893 948 981 1010 reiut
1003 940 1100 1027 tebet,

90 1041 128 1101 in
137 1035 360 1101 Perrhaebiam
377 1055 498 1115 quoque
513 1032 547 1092 id
558 1032 738 1114 pervaserat
747 1036 874 1099 melum.
902 1035 984 1095 Cum
1002 1037 1099 1100 Thes.

89 1128 166 1189 salos
182 1125 217 1184 in
232 1122 327 1182 armis
342 1118 402 1181 essa
417 1119 602 1179 nuntiatum
618 1117 678 1194 est,
702 1121 763 1203 Ap.
777 1120 946 1183 Claudium
961 1101 1098 1210 ldgatum

90 1213 202 1275 adeas
232 1230 282 1269 res
304 1205 500 1287 aspiciendas
521 1205 822 1289 componendasque
845 1205 973 1272 senatus
1003 1209 1108 1275 milit..

70 1354 74 1379 2
90 1294 166 1381 Qui,
188 1297 354 1377 utriusque
368 1293 468 1376 partis
480 1292 682 1376 principibus
697 1293 864 1378 castigetis,
892 1316 965 1357 uum
981 1297 1096 1379 injusto

1 1392 9 1403 ”
90 1386 225 1450 foenore
240 1398 400 1469 gravatum
417 1400 470 1441 aes
483 1379 635 1453 alienum,
650 1376 724 1461 ipsis
740 1401 854 1463 magna
866 1405 908 1444 ex
920 1400 1098 1465 perrenota·

90 1471 286 1546 cedentibus,
308 1468 362 1551 qui
379 1484 567 1542 onerarent,
588 1466 735 1541 levasset,
751 1467 823 1551 justi
838 1471 953 1531 crediti
969 1470 1097 1535 solutio·

86 1580 167 1624 nem
189 1558 227 1617 itt
247 1555 267 1598 *
289 1575 448 1617 annorum
470 1552 637 1638 pensiones
663 1552 831 1631 distribuit.
876 1559 933 1617 Per
954 1559 1097 1622 eundem

89 1644 229 1729 Appium
245 1632 419 1723 eodemque
442 1641 537 1700 modo
559 1638 745 1729 compositae
767 1642 803 1700 in
820 1645 1010 1707 Perrhaebia
1032 1665 1095 1709 res.

89 1733 275 1794 Aetolorum
298 1726 401 1790 causas
422 1728 590 1789 Marcellus
614 1727 753 1810 Delphis
767 1750 835 1810 ¹per
861 1729 947 1792 idem
971 1749 1096 1815 tempus
1132 1758 1135 1765 ·

66 1818 252 1893 ,hostilibus
280 1832 360 1887 actas
380 1814 514 1890 animis,
545 1833 618 1896 quas
647 1813 797 1875 intestino
821 1817 977 1897 gesserant
999 1822 1095 1899 bello,

47 1983 49 1987 Ι
88 1906 242 1991 cognovit.
282 1906 362 1966 Cum
378 1918 532 1963 certatum
555 1902 704 1982 utrinque
729 1902 906 1965 temeritate
927 1921 1024 1988 atque
1040 1929 1093 1970 an·

39 1986 42 1997 ¹
72 1995 179 2058 dacia
197 2006 357 2064 cerneret,
378 1989 510 2050 decreto
529 1987 656 2069 quidem
672 1987 724 2047 suo
741 2006 885 2057 neutram
902 1997 1025 2073 partem
1040 2010 1094 2057 aus

89 2084 204 2157 levare,
225 2095 278 2140 eut
296 2097 433 2137 onerare
448 2072 572 2153 voluit:¹
592 2074 806 2135 communiter
826 2082 865 2137 ab
881 2078 1026 2162 utrisque
1039 2101 1091 2164 pe-

88 2170 151 2245 tiit,
171 2168 371 2228 abstinerent
383 2163 481 2231 bello,
504 2178 537 2222 et
551 2162 710 2223 oblivione
720 2165 963 2244 praeteritorum
974 2166 1091 2229 discor.

88 2255 158 2317 dias
176 2254 317 2315 linirent.
348 2251 447 2332 Hujus
463 2248 731 2310 reconciliationis
744 2250 830 2311 inter
845 2250 925 2334 ipsos
936 2252 1023 2332 sides,
1035 2257 1092 2317 ob·

86 2339 298 2417 lidibusultro
315 2338 455 2419 citroque
470 2336 561 2412 datis,
581 2334 700 2397 firmata
715 2334 770 2398 est.
812 2338 1026 2420 Corinthum,
1055 2356 1093 2406 ut

86 2429 135 2488 ibi
150 2427 390 2510 deponerentur
406 2421 545 2500 obfides,
576 2422 776 2505 cottrenitur.

164 2596 228 2658 vt.
263 2593 441 2677 ADelphis
455 2608 488 2656 et
497 2593 643 2657 Aetolico
658 2594 796 2661 concilio
804 2596 970 2660 Marcellus
983 2599 1021 2661 in
1035 2602 1090 2665 Pe·

86 2680 293 2764 loponnesnm
310 2682 454 2763 trajecit,
481 2704 543 2766 quo
560 2682 696 2745 Achaeis
713 2683 856 2745 edixerat
878 2702 1091 2752 conventum.

84 2770 168 2845 Ubi,
189 2769 362 2831 collaudata
379 2784 490 2853 gente,
518 2769 602 2851 quod
618 2769 801 2831 constanter
815 2785 902 2831 vetus
919 2770 1089 2837 decretum

85 2856 126 2918 de
140 2856 286 2918 arcendis
299 2856 386 2918 aditu
406 2856 517 2916 linium
532 2856 659 2940 regibus
676 2856 887 2925 Macedonum
903 2858 1092 2939 tenuissent,

83 2941 206 3027 insigne
226 2943 373 3005 adsersus
390 2942 626 3005 tertationem
642 2946 862 3006 Romanorum
876 2943 969 3006 fecit:
1000 2948 1090 3031 qnod

83 3048 118 3092 ut
138 3031 290 3092 maturius
312 3045 512 3113 erumperet,
531 3030 691 3091 Eumenes
715 3051 792 3109 rest,
818 3037 1089 3098 commentarium

83 3115 188 3179 serens
202 3116 327 3194 secum,¹
340 3116 424 3201 quod
437 3118 478 3180 de
490 3119 691 3200 apparatibus
702 3118 778 3178 belli
793 3119 902 3197 otnnia
915 3119 1090 3202 inquirens

83 3202 220 3280 iecerat,
239 3206 372 3266 Romam
384 3206 480 3267 venit.
527 3204 684 3266 Paridem
700 3220 824 3286 tempus
834 3206 975 3288 quinque
988 3208 1090 3293 'legati

82 3288 237 3373 adregem
248 3290 339 3369 misse,
352 3292 411 3373 qui
428 3311 477 3354 res
489 3291 527 3352 in
535 3288 721 3353 Macedonia
731 3290 917 3373 aspicerent.
945 3294 1090 3373 Alexan·

81 3374 185 3437 driam
198 3377 295 3438 iidcni
311 3379 352 3439 ad
365 3380 573 3441 Ptolemaeum
594 3376 798 3440 renovandae
813 3378 972 3441 amicitiae
992 3380 1088 3446 cause

79 3461 233 3544 proficisci
252 3463 328 3546 jusfi.
370 3464 476 3549 Legati
498 3480 592 3526 erant
607 3464 664 3539 hi,
682 3466 715 3525 C.
734 3464 894 3542 Valerius,
916 3468 974 3528 Cn.
990 3467 1087 3533 Luta.

80 3552 140 3613 tius
164 3552 280 3625 Cerco,
308 3554 345 3627 Q.
362 3552 494 3612 Baebius
513 3553 621 3626 Sulca,
643 3554 687 3615 bt.
709 3552 875 3615 Cornelius
899 3554 1087 3637 Mammula,

75 3638 120 3698 M.
147 3638 303 3699 Caecilius
324 3637 462 3698 Denter.
514 3638 556 3701 Et
575 3640 616 3700 eb
634 3636 799 3702 Antiocho
820 3659 895 3721 rege
916 3637 971 3701 sub
992 3641 1089 3707 idem

64 3728 197 3812 tempus
205 3725 303 3815 legati
320 3742 501 3794 teneruttt·⁸
522 3748 658 3813 quorum
665 3725 818 3811 princeps
826 3724 1028 3874 Apolloppus,
1041 3728 1084 3794 in

976 3831 1093 3875 natam
