2354 4140
47 196 253 231 4-
278 120 433 187 iinon
461 122 585 185 xxxv.
629 94 700 184 ou.
723 120 761 181 x.
783 68 836 180 xi.
1002 120 1069 192 «ὃς

307 233 346 290 U.
355 232 389 291 C.
407 238 481 311 559.
587 248 615 287 a.
632 228 723 287 CAN.
744 232 815 307 193.

47 300 660 327 “handu—*ffl-

52 349 163 411 Livius
192 349 368 426 Salinator,
410 350 464 411 Μ’.
487 348 618 411 Ascilius
669 345 725 407 sed
757 348 904 415 omnium
925 347 1009 406 oculi
1026 346 1065 407 in

51 437 246 514 Quinctium
275 438 524 520 Corneliumque
553 436 701 519 conjecti.
743 450 824 493 nam
850 434 939 495 etin
961 451 1094 493 unum·

13 572 17 581 .
52 524 163 589 locum
186 526 340 606 petebant
361 529 455 584 ambo
474 523 618 607 patricii,
637 539 668 582 et
682 518 730 581 rei
744 522 889 583 militaris
904 522 1003 603 gloria
1015 541 1065 580 re-

50 630 134 673 eens
148 627 319 694 utriunque
335 610 592 671 commendabat.
617 612 767 670 Ceterum
783 626 860 668 ante
875 610 984 668 onmia
997 628 1064 669 cer·
1143 660 1149 681 ,

54 716 167 759 tamen
183 697 404 761 accendebant
420 697 533 759 fratres
546 696 801 773 candidatorum,
826 696 889 756 duo
906 694 1065 755 clarillimi

59 787 165 847 aetatis
184 783 257 847 suae
275 787 494 869 imperatores.
522 786 640 868 unajor
660 786 760 867 gloria
780 786 818 845 in
833 783 999 865 Scipione:
1023 804 1063 857 er,
1121 780 1130 791 '

59 896 119 957 quo
139 874 265 957 major,
296 895 334 933 eo
354 875 488 957 propior
506 872 673 932 invidiam.
728 872 873 950 Quinetii
896 869 1065 944 recentior,

57 976 91 1021 nt
110 961 167 1042 qui
189 981 228 1020 eo
253 968 344 1020 anno
365 957 596 1042 triumphalset.
639 956 837 1033 Accedebat,
878 955 965 1037 quod
986 956 1066 1014 alter

54 1046 221 1123 decimum
235 1048 298 1130 jam
312 1070 415 1132 prope
431 1067 559 1108 annum
576 1044 711 1106 assiduus
725 1048 762 1106 iu
778 1046 875 1105 oculis
895 1044 1066 1104 hominum

53 1133 177 1209 literat3
211 1156 291 1215 quae
312 1157 364 1195 res
387 1136 496 1196 minus
511 1133 671 1195 terendos
686 1155 819 1215 magnos
835 1130 986 1192 homines
1000 1127 1067 1211 ipsa
1156 1144 1160 1155 ·

53 1220 197 1281 satietate
210 1220 299 1282 facit:
321 1221 432 1283 consul
448 1223 565 1283 iterum
579 1220 650 1304 post
665 1218 826 1282 devictum
836 1219 1065 1291 Hannibalem,
1146 1238 1150 1247 ·

56 1305 232 1389 censorque
254 1307 367 1371 fuerat.
386 1320 389 1325 '
411 1312 452 1370 ln
474 1309 626 1388 Quinctio
648 1330 735 1367 nova
753 1324 783 1366 et
800 1306 944 1367 recentia
956 1304 1067 1364 omnia

35 1438 38 1443 -
60 1392 104 1452 ad
116 1397 246 1475 gratiam
263 1414 370 1457 erant:
385 1397 470 1458 nihil
484 1418 548 1456 nec
561 1398 696 1480 petierat
710 1418 728 1455 a
737 1397 856 1478 populo
872 1392 941 1469 pult
955 1394 1066 1452 trium·

58 1480 176 1564 phem,
207 1505 271 1543 nec
294 1484 425 1569 adeptus
448 1500 531 1544 erat:
561 1505 621 1567 pro
635 1482 743 1564 fratre
757 1501 920 1567 germane,
940 1498 1066 1560 nonpa·
1095 1530 1098 1541 .

57 1565 172 1642 trude,
204 1569 237 1650 se
257 1589 378 1652 petere,
408 1571 526 1653 ajebat:
560 1592 621 1651 pre
643 1568 739 1654 legato
759 1588 788 1629 et
806 1570 956 1648 participe
977 1564 1066 1626 admi·

27 1652 175 1731 fristrau
196 1654 274 1716 belli.
300 1657 335 1739 se
354 1678 455 1724 terra.
479 1656 613 1736 fratrem
633 1660 729 1729 mari,
760 1675 821 1714 rm
842 1652 961 1737 geffiffe.
1008 1654 1066 1714 His
1143 1662 1146 1675 '

43 1742 215 1816 obtinuit,
251 1757 287 1799 ut
313 1744 531 1825 praeferretur
553 1742 742 1814 candidato,
778 1760 873 1821 quem
894 1738 1066 1801 Africanus

55 1824 160 1886 frater
181 1827 334 1902 ducebat,
364 1852 461 1911 quem
485 1828 634 1885 Cornelia
648 1848 742 1907 gene,
765 1828 914 1885 Cornelio
937 1826 1067 1885 consule

56 1911 189 1969 comitia
218 1911 376 1988 habente3
409 1935 506 1995 quem
532 1928 659 1971 tantum
679 1911 908 1994 praejudicium
930 1913 1066 1986 senatus,

60 1997 168 2056 virum
208 2017 226 2056 e
262 1999 386 2059 civitate
424 1999 580 2081 optimum
609 1996 799 2080 judicatum,
845 1998 899 2076 qui
933 2016 1069 2057 matrem

59 2080 389 2146 Ideam..Pesfinnnte
416 2082 604 2147 venientem
631 2085 668 2143 in
689 2086 803 2142 urbem
825 2083 990 2163 acciperet.
1034 2084 1067 2142 L.

61 2170 233 2247 Quinctius
259 2188 290 2231 et
306 2172 365 2231 Cn.
382 2172 545 2234 Domitius
558 2170 812 2232 Ahenorbarbus
827 2166 971 2229 consules
984 2166 1068 2228 faeti.

60 2256 141 2317 adeo
158 2279 203 2317 ne
226 2258 264 2320 in
285 2261 411 2345 plebejo
433 2259 564 2343 quidem
577 2257 724 2334 consule,
748 2278 895 2339 cumpro
912 2258 946 2316 C.
962 2257 1070 2319 Laelio

60 2346 239 2421 niteretur,
261 2344 434 2408 Africanus
448 2349 555 2409 valuit.
601 2345 793 2421 Posteroldie
806 2360 967 2427 praetores
985 2366 1070 2404 crea.

59 2433 87 2490 ti·
108 2433 141 2490 L.
161 2431 349 2511 ,Scribonius
373 2439 469 2511 Libe,
493 2440 538 2497 M.
563 2435 689 2496 Fulvius
704 2434 926 2506 Centumalus,
949 2429 987 2493 A.
1007 2430 1070 2493 Ati·

59 2517 123 2577 lius
144 2517 319 2594 Serranus,
341 2525 385 2583 M.
400 2524 534 2585 Baebius
550 2522 757 2604 Tamphilus,
779 2524 812 2581 L.
827 2521 970 2581 Valerius
986 2523 1068 2602 Tap-

15 2646 18 2651 ·
59 2627 121 2688 pe,
150 2604 188 2683 Q.
209 2605 354 2669 Salonius
376 2611 478 2674 Sarra.
522 2609 675 2672 Aedilitas
695 2608 827 2693 infignis
853 2629 890 2667 eo
904 2629 993 2669 anno
1010 2608 1070 2669 fuit

61 2695 104 2754 M.
114 2691 245 2758 Aemilii
259 2695 372 2779 Lepidi
388 2715 419 2759 et
434 2701 467 2759 L.
477 2698 607 2761 Aemilii
621 2699 728 2757 Paulli.
774 2696 889 2758 ivlultos
905 2700 1070 2781 pecuarios

62 2786 275 2847 damnarunt:
313 2805 356 2845 ex
384 2808 421 2847 ea
438 2789 575 2870 pecunia
594 2788 706 2868 clypea
726 2778 928 2845 inauratam
950 2784 1070 2866 fastigio

12 2892 15 2897 '
63 2875 148 2935 Jovis
177 2871 263 2933 aedis
290 2864 474 2956 posuerunt.
532 2876 691 2935 Portieum
709 2894 809 2933 unam
833 2888 1071 2955 omre-ponam

23 3025 26 3029 ,
64 2960 302 3042 Trigeminam,
336 2962 481 3034 emporio
504 2961 544 3022 ad
569 2961 714 3022 Tiberim
734 2961 874 3046 adieet03
904 2961 1037 3018 alteram
1051 2978 1071 3016 a

62 3056 158 3129 porta
173 3048 342 3109 Fontinali
366 3037 407 3109 ari
428 3050 539 3112 Martis
563 3071 669 3124 aram,
699 3072 760 3131 qua
781 3052 819 3111 in
839 3049 995 3128 Campum
1009 3048 1072 3105 iter

35 3132 157 3223 fellet,
187 3130 418 3231 perduxerpnt.
468 3156 471 3161 ·
1116 3126 1123 3133 ’

89 3352 91 3357 .
176 3310 229 3370 XI.
273 3306 342 3368 Diu
363 3307 446 3369 nihil
469 3310 507 3371 in
521 3309 686 3392 Liguribus
703 3308 836 3393 dignum
851 3305 1007 3366 memoria
1022 3322 1072 3387 ge·
1128 3336 1132 3343 ·

30 3390 33 3397 ’
61 3389 143 3456 stem
158 3409 236 3456 erat.
263 3394 416 3455 Extremo
433 3399 498 3482 ejus
518 3397 599 3457 anni
613 3398 661 3458 bis
675 3397 712 3456 in
727 3416 882 3478 magnum
894 3392 1072 3476 perieulum

62 3502 117 3543 res
129 3482 266 3542 adducta
283 3482 336 3542 est.
367 3504 446 3543 nam
463 3501 493 3544 et
509 3484 607 3543 eastra
620 3483 757 3543 consulis
773 3498 964 3569 oppugnata,
980 3496 1072 3557 aegre

63 3566 141 3628 [unt
155 3560 300 3631 defensa:
320 3585 352 3629 et
365 3588 437 3631 non
452 3573 496 3630 ita
510 3572 611 3629 multo
629 3569 696 3653 post
712 3591 771 3654 per
781 3571 889 3631 saltum
907 3561 1073 3646 angustum

56 3678 141 3718 eum
160 3652 329 3731 duceretur
343 3678 459 3739 agmen
474 3659 677 3735 Romanum,
698 3658 779 3745 ipsas
799 3659 906 3720 fauces
918 3649 1076 3715 exereitus

64 3744 216 3847 Ligurmn
234 3742 369 3820 interii,
383 3766 444 3831 qua
467 3766 553 3813 eum·
566 3746 669 3813 exitus
690 3774 769 3819 nen
780 3750 932 3843 pateret,
954 3752 1099 3815 cmm·

494 3884 496 3889 ,
551 3837 589 3908 M
613 3836 652 3920 ς’
1081 3820 1123 3886 is
1143 3814 1157 3875 .’
