2354 4140
283 44 438 149 steen
464 90 577 152 xnu.
623 91 711 150 cn.
735 86 958 153 runtxtx.
1016 46 1123 161 7583

310 164 710 189 fi—-w

667 216 694 253 a.
710 196 744 253 C.
762 194 803 253 N.
824 197 896 275 169.

511 270 1117 295 *a*

90 308 195 389 dein,
220 309 244 371 li
264 308 300 372 id
316 314 426 375 minus
448 314 676 397 impetrarent,
699 314 781 375 vitae
803 330 927 375 tantum
949 310 1114 378 libertatis·

95 418 160 479 qne
180 394 279 459 fidem
300 400 493 483 acciperent.
550 398 737 462 Promissum
760 400 796 465 id
816 400 987 483 benignius
1011 394 1056 459 eft
1073 398 1115 465 eb

94 486 189 567 rege,
210 506 306 567 qmm
322 486 517 571 praebitum.
562 489 649 549 exire
665 488 754 549 enim
777 487 832 550 lue
853 486 958 564 lecum
974 482 1113 547 efferen-

92 570 179 632 tibus
201 570 288 655 juliis
310 574 451 657 primurn
473 596 563 635 anua
578 574 706 635 ademit.
750 575 800 637 his
820 578 899 636 urbe
915 569 1059 656 egressts,
1081 586 1112 631 et

93 658 283 741 lllyriorum
304 661 434 738 cohors,
477 664 660 747 (quingenti
682 662 790 740 erant)
809 678 840 723 et
856 657 1056 723 Uscanenses
1078 654 1111 720 se

91 748 269 829 urbemque
290 744 495 811 dediderunt.

82 988 86 996 ,
147 902 151 909 .
179 914 261 977 XIX·
285 918 423 999 Perseus,
438 920 594 1005 praesidio
613 921 757 985 Uscanae
779 918 939 1004 imposito,
967 914 1107 976 multitu-

90 1000 206 1065 dinem
221 1006 558 1086 omnem'dcditurum,
575 1032 655 1093 quae
670 1031 768 1093 prope
780 1028 917 1069 numero
932 1002 1107 1065 exereitum

89 1085 262 1171 aequabat,
278 1092 442 1157 Stuberaur
458 1096 594 1159 abducit.
616 1098 664 1157 lbi
682 1097 855 1169 Romanis,
873 1097 1021 1175 (quatuor
1036 1088 1105 1149 mil-

87 1176 135 1237 lia
148 1192 253 1237 eutem
263 1180 431 1243 bominum
442 1186 550 1261 erant)
557 1201 684 1267 praeter
698 1184 871 1267 principes,
886 1182 922 1240 in
932 1173 1105 1239 custodiam

89 1264 253 1339 civitatum
276 1266 396 1348 divisis,
431 1270 662 1332 Ulcaneulibus
684 1272 863 1351 Illyriisque
886 1264 1043 1338 venditis,
1065 1263 1105 1325 in

89 1348 270 1430 Penestiam
285 1358 462 1421 exercitum
490 1358 613 1419 reducit
633 1358 676 1419 ed
694 1360 860 1419 anneum
891 1350 1045 1436 oppidum
1065 1350 1104 1411 in

89 1434 276 1519 potestatem
289 1436 513 1527 redigendurrt.
546 1462 577 1505 et
590 1446 705 1527 alioqui
736 1459 917 1528 opportune
933 1438 1042 1511 litum,
1071 1448 1105 1499 st

88 1523 242 1587 transitus
259 1546 295 1586 ea
310 1526 354 1589 est
372 1531 409 1591 in
423 1534 590 1607 Labeates,
606 1534 660 1593 ubi
670 1533 807 1593 Gentius
824 1530 987 1612 regnabat.
1013 1522 1104 1589 Prae-

86 1612 231 1673 tereunti
250 1610 402 1697 frequens
419 1619 598 1695 castellum,
616 1616 824 1679 Draudacum
842 1616 997 1689 nomine,
1019 1608 1102 1693 peri·

85 1696 195 1781 torum
208 1698 338 1787 quidam
358 1706 497 1787 regionis
514 1708 596 1781 e'us,
621 1702 696 1765 nibil
712 1706 822 1765 anneo
839 1720 921 1783 capto
940 1717 1014 1779 opus
1037 1694 1101 1781 effe,

85 1782 150 1860 eit,
192 1781 247 1859 sifi
261 1789 294 1849 ir
317 1790 455 1869 potestate
472 1813 501 1853 er
520 1730 712 1852 ilraudrcum
722 1790 774 1865 fir.
798 1788 1000 1871 opportunius
1019 1790 1105 1843 etism

86 1864 234 1931 idoneis
255 1871 382 1955 podera
401 1878 465 1963 effe.
511 1878 649 1941 Admota
662 1878 819 1953 exercitu,
858 1892 970 1934 omnes
983 1887 1100 1932 extem·

88 1952 147 2039 'plo
163 1952 354 2035 dediderunt
369 1962 442 2025 sele.
463 1968 534 2046 Qua
551 1967 602 2051 spe
618 1966 771 2027 celeriore
787 1960 950 2023 deditione
968 1972 1100 2029 erectus,

84 2039 249 2127 postquam
262 2050 505 2130 animadvertit,
522 2072 658 2136 quantus
682 2052 816 2137 agminis
832 2048 877 2110 tui
892 2063 997 2106 terror
1013 2040 1100 2117 esset,

80 2123 239 2196 undecim
262 2135 322 2197 alia
343 2136 467 2199 castelle
482 2140 598 2201 eodem
612 2157 699 2201 metu
721 2140 758 2201 in
772 2134 956 2223 potestatem
973 2126 1100 2211 redigit·

81 2212 298 2305 adperpauca
311 2224 342 2284 vi
357 2246 435 2309 opus
451 2224 528 2304 fnit,
560 2244 665 2289 cetere
677 2227 839 2289 voluntate
856 2218 978 2283 dedita:
1009 2232 1039 2276 et
1061 2212 1100 2273 in

77 2300 131 2365 his
149 2307 271 2389 recepti
286 2308 374 2371 mille
390 2328 421 2372 et
435 2314 604 2397 quingenti
618 2311 759 2397 dispositi
771 2332 830 2395 per
845 2302 999 2393 praesidia
1015 2299 1098 2401 mili·

79 2404 128 2483 tes
151 2392 306 2457 Romani.
360 2398 478 2482 Magno
505 2400 573 2462 usui
596 2401 749 2481 Carvilius
770 2396 949 2483 Spoletinus
974 2406 1042 2453 erat
1059 2404 1099 2447 tn

80 2472 256 2561 colloquiis,
272 2478 421 2561 dicendo,
436 2487 520 2548 nihil
533 2489 571 2553 in
584 2487 666 2570 ipsos
681 2486 841 2547 saevitum.
866 2479 919 2542 Ad
929 2480 1098 2541 anneum

77 2569 274 2647 perventum
287 2567 352 2647 est,
384 2572 470 2655 quod
491 2573 558 2636 fine
580 2572 658 2658 julta
673 2572 912 2657 oppugnatione
934 2566 1005 2649 capi
1024 2580 1097 2623 non

75 2654 228 2735 potetate
251 2672 281 2715 et
302 2658 423 2740 majore
441 2661 619 2743 aliquanto,
645 2682 742 2743 quarn
762 2675 884 2731 cetera,
919 2656 1094 2741 juventute,

42 2792 48 2804 .
76 2754 111 2831 pt
123 2738 268 2815 validum
285 2744 440 2829 oppidum
454 2749 624 2809 moenibus
639 2765 715 2809 erat.
745 2764 776 2807 et
789 2746 869 2808 hinc
884 2743 989 2803 amnis
1002 2738 1094 2801 Arta-

53 2906 58 2913 η
78 2838 129 2887 tus
144 2828 300 2907 nomine,
319 2832 399 2893 hinc
411 2856 506 2895 mons
522 2836 679 2919 praealtus
694 2852 725 2897 et
739 2833 825 2895 aditu
841 2830 978 2891 difficilis
989 2830 1095 2909 cinge-

78 2910 142 2973 bat.
188 2914 269 2975 haec
281 2914 371 3001 spem
387 2919 429 2981 ed
441 2920 650 2993 refistendum
665 2920 834 3006 oppidanis
852 2917 981 2978 debant.
1024 2914 1095 2972 Per·

75 2994 164 3077 scus,
195 3000 431 3067 circumvallato
452 3009 588 3093 oppido,
615 3030 761 3093 aggerem
783 3028 802 3065 a
821 3022 911 3088 parte
933 2998 1095 3082 superiore

51 3105 56 3115 ‘
73 3082 197 3151 decere
213 3086 363 3169 institnit,
382 3095 468 3175 eujus
482 3096 650 3157 altitudine
667 3116 774 3157 muros
791 3092 962 3175 superaret.
1008 3080 1096 3167 quod

73 3171 157 3257 epus
174 3172 439 3260 ‹lumperficitur,
457 3183 577 3243 crebris
592 3183 725 3243 interim
742 3178 890 3263 proeliis,
906 3174 1019 3256 quibus
1033 3190 1094 3253 per

63 3255 280 3333 ‘excurliunes
296 3282 328 3324 et
342 3268 473 3328 moenia
490 3266 545 3329 [uu
559 3266 715 3351 oppidani
731 3266 933 3338 tutabantur,
952 3274 983 3320 et
996 3278 1095 3341 opera

72 3338 214 3427 bestium
228 3350 466 3435 impediebant,
492 3375 610 3437 magna
626 3375 736 3417 eorum
751 3347 921 3413 multitudo
933 3345 1029 3409 variis
1046 3366 1094 3405 ca·

78 3424 161 3524 filins
171 3434 317 3497 absumta
332 3435 391 3499 est:
417 3432 465 3515 e't,
482 3442 536 3523 qui
550 3440 754 3523 supererant,
777 3440 886 3499 labore
900 3434 1020 3497 diurno
1037 3451 1095 3493 ne·

71 3518 258 3613 [claraeque
278 3541 310 3583 et
325 3524 511 3589 mlneribus
529 3526 657 3591 ‘mutiles
670 3543 774 3607 erant.
809 3525 876 3587 Ubi
891 3523 1032 3609 primum
1045 3536 1094 3601 ag-

68 3624 132 3701 ger
143 3608 311 3695 injunctus
325 3632 419 3669 muro
432 3609 493 3689 est,
524 3629 556 3675 et
570 3613 685 3677 cohors
701 3613 804 3698 regia,
834 3634 911 3695 qnos
928 3611 1095 3672 Nicatoras

69 3698 261 3791 pppellen't,
288 3695 522 3777 transsceudit,
553 3715 584 3761 et
607 3699 696 3764 scalis
709 3702 816 3765 multis
835 3698 927 3764 sunul
953 3694 1095 3795 partibus
1164 3760 1168 3769 ,

42 3840 74 3875 Γ,
90 3853 95 3859 ¹
571 3788 628 3853 00
651 3788 675 3873 f,
1003 3798 1108 3860 impe
