2354 4140
300 112 457 176 LIBER
480 116 590 175 XLIII.
634 118 720 177 Cae.
743 118 781 177 x.
805 118 858 177 xt.
1020 124 1085 195 575

211 268 220 275 .
245 218 285 277 U.
306 218 340 279 G
362 226 436 289 582·
460 253 465 265 ·
662 242 689 279 a.
712 223 747 281 C.
770 220 812 281 N.
841 239 911 298 170.

153 342 192 399 Χ.
217 338 535 421 Haudproculinde
554 338 682 399 Uscana
705 341 861 423 oppidum
881 344 998 403 linium
1018 341 1086 427 ple.

61 446 204 507 rumque
224 425 329 486 Persei
351 442 427 485 erat.
467 424 589 501 ,decem
605 428 707 487 millia
728 428 849 487 citium
871 430 1030 505 habebat,
1047 446 1086 496 ,et

32 512 37 521 '
61 510 242 587 modicum,
257 510 417 573 custodiae
432 513 535 589 causa,
551 513 751 573 Cretensium
764 512 968 595 praesidium.
999 516 1085 581 Inde

10 621 12 648 τ
35 661 41 673 ,
61 600 179 681 nuntii
197 598 239 659 ad
252 598 424 659 Claudium
442 601 561 661 occulti
575 601 768 661 veniebant:
793 600 826 661 St
841 609 971 683 propius
984 607 1084 684 coplas
1098 618 1101 627 '

10 692 12 722 ⁵
61 684 250 767 adncvifftt,
274 704 398 767 paratos
413 688 507 765 fore,
528 692 585 768 qui
609 686 778 768 proderent
800 694 910 749 urbem.
957 690 998 749 Et
1013 710 1082 772 opt·

53 794 116 857 ¹ree
138 776 274 855 pretium
296 771 368 853 effe,
393 793 450 833 noa
465 772 499 855 ft
517 776 679 855 amicosque
698 792 830 847 tuntum,
856 775 910 855 sed
930 780 1017 837 eritas
1030 780 1086 837 mi:

62 858 133 923 lius
154 856 271 941 praeda
291 858 492 939 expleturum.
536 860 621 944 Spes.
634 858 801 943 cupiditati
821 860 950 926 athnota
970 864 1014 923 ita
1028 866 1081 925 ob'·

61 946 207 1009 caecavit
227 946 394 1023 animum,
420 962 455 1005 ut
474 966 539 1007 neo
562 946 673 1021 exiis,
695 948 750 1029 qui
772 968 950 1026 venerunt,
980 970 1084 1031 quen.

61 1054 162 1117 quam
183 1033 361 1109 retineret;
396 1054 461 1093 nec
479 1030 622 1108 obsides,
656 1034 773 1115 pignus
796 1033 917 1097 futuros
941 1035 1027 1097 furto
1050 1053 1083 1097 et

59 1120 180 1183 stando
194 1116 341 1203 agendae
353 1122 420 1196 rei,
444 1119 606 1203 posceret}
630 1142 693 1179 nec
707 1122 849 1181 mitteret
862 1126 1062 1205 exploratum
1071 1146 1089 1199 ;·.

22 1258 27 1263 .
61 1228 129 1271 nec
142 1204 241 1269 iidem
258 1206 430 1289 acciperet.
448 1206 502 1267 die
510 1224 637 1267 tantum
651 1206 763 1267 statuta
773 1208 933 1291 profectus
949 1231 967 1269 a
980 1212 1089 1291 Lych·-¹

60 1293 174 1371 nido,
188 1292 359 1355 duodecim
373 1294 478 1355 millia
499 1296 540 1353 ab
555 1298 652 1369 urbe,
673 1294 824 1375 adquam
840 1296 1003 1373 tendebat,
1027 1320 1081 1381 po·

42 1438 45 1444 .
61 1382 126 1445 suit
139 1380 250 1443 castra.
283 1382 408 1459 Quarta
423 1380 502 1441 inde
517 1382 623 1462 vigilia
638 1381 726 1463 ligna
740 1384 851 1458 movit,
874 1385 963 1444 mille
976 1384 1099 1445 ferme.

62 1468 108 1531 ad
120 1466 318 1553 praesidium
330 1468 507 1529 castrorum
523 1468 658 1528 relictis:
681 1470 896 1551 incompositi,
919 1473 1017 1553 longo
1031 1492 1081 1554 ag·

60 1558 157 1621 mine
173 1552 282 1629 effusi,
305 1554 543 1637 infrequenteS,
566 1576 640 1613 cum
654 1572 832 1617 nocturnus
847 1578 942 1617 error
956 1556 1081 1641 dissipa·

61 1658 133 1721 tet,
153 1640 197 1703 tttl
216 1644 332 1701 urbem
350 1656 584 1726 pervenerunt.
629 1642 736 1701 Crevit
757 1645 970 1725 negligentia,
1001 1644 1081 1727 post·

62 1748 163 1815 quam
174 1730 347 1791 neminem
364 1746 524 1789 amatum
538 1728 575 1787 in
596 1730 699 1787 muris
712 1728 874 1789 viderunt.
918 1734 1080 1807 Ceterum,

64 1816 125 1877 ubi
143 1816 283 1899 primum
303 1815 361 1875 sub
382 1818 466 1897 jactu
482 1814 537 1875 teli
553 1812 702 1889 suerunt,
735 1816 855 1875 duabus
872 1814 962 1875 simul
981 1820 1080 1900 portis

66 1901 261 1985 erumpitur3
287 1919 320 1963 et
336 1901 378 1963 ad
392 1916 568 1963 clamorem
578 1904 820 1983 erumpentium
837 1904 951 1985 ingens
970 1904 1080 1985 strepi-

64 2006 151 2051 tuse
170 1994 267 2049 muris
288 2006 373 2049 ortus
388 1990 581 2049 ululantium
595 1990 769 2047 mulierum
784 2012 858 2048 cum
878 1992 1001 2071 crepitu
1020 2012 1079 2049 un·
1155 1999 1158 2009 '

62 2074 164 2159 dique
178 2076 278 2137 aeris:
303 2092 335 2137 et
350 2075 519 2137 incondita
534 2074 722 2151 multitudo,
747 2080 840 2135 turba
854 2078 1002 2136 immixta
1016 2076 1079 2137 ser-

61 2164 137 2245 vili,
161 2163 291 2225 variisv
311 2164 400 2225 cibus
417 2162 619 2245 personabat.
666 2164 727 2221 Hic
749 2180 815 2221 tam
834 2165 1004 2245 multiplex
1020 2185 1078 2223 un·

61 2248 162 2333 dique
183 2186 323 2329 objecttb
345 2268 452 2310 terror
474 2249 600 2323 est'ocit,
622 2270 667 2307 ne
682 2248 838 2309 sustinere
850 2252 991 2333 primam
1006 2272 1079 2333 pro-

61 2339 181 2399 cellam
193 2338 370 2418 eruptionis
385 2337 529 2398 Romani
543 2333 687 2417 possent·
713 2336 823 2417 Itaque
837 2335 995 2419 fugientes
1010 2339 1079 2420 plu·

61 2442 132 2501 net,
156 2426 256 2505 'quatn
276 2442 474 2506 pugnantes,
506 2424 671 2483 interemti
692 2421 781 2482 sunt:
812 2425 870 2484 vix
889 2423 952 2484 duo
975 2426 1080 2485 millia

21 2570 27 2577 ‚
61 2508 237 2573 hominum
255 2530 332 2569 cum
354 2511 420 2594 ipso
436 2512 537 2593 legato
555 2510 592 2569 in
614 2508 717 2567 castra
738 2508 959 2594 perfugerant.
1005 2514 1079 2589 Quo

10 2637 13 2654 .
60 2598 189 2681 longius
208 2598 271 2657 iter
289 2598 327 2657 in
347 2598 449 2659 castra
473 2613 558 2670 erat,
583 2616 621 2655 eo
637 2600 744 2678 plures
761 2596 853 2659 sessos
868 2596 1079 2661 consectandi

10 2685 18 2738 l
59 2682 203 2756 lt'ostilrus
225 2685 317 2765 copia
337 2684 406 2745 suit.
451 2682 504 2744 Ne
519 2700 660 2743 moratus
675 2683 807 2765 quidem
820 2686 858 2745 in
881 2685 990 2747 castris
1012 2684 1077 2769 Ap.

10 2739 21 2834 l
58 2768 158 2857 pina,
172 2786 210 2829 ut
229 2768 299 2831 suos
313 2768 473 2854 dissipatos
488 2769 562 2852 suga
577 2771 757 2851 colligeret,
782 2770 878 2853 (quae
896 2794 950 2832 res
962 2773 1077 2854 palatis

10 2837 16 2916 l
59 2876 230 3007 Pudigngms
245 2855 338 2919 saluti
351 2857 473 2933 suisset)
488 2856 531 2919 ad
545 2856 753 2937 Lychnidum
767 2860 913 2943 protinus
926 2860 1077 2941 reliquias

10 2941 12 2971 ³
58 2946 111 3007 cle
134 2944 143 2959 ⁸
172 2942 310 3005 reduxit.
640 2974 644 2981 ¹
770 2972 773 2977 ’

51 3129 67 3163 -’
118 3118 196 3189 'xt
220 3118 307 3178 Haec
323 3132 355 3176 et
365 3117 436 3192 alia,
448 3116 539 3177 haud
555 3117 707 3200 prospere
720 3118 759 3178 in
773 3115 965 3177 Macedonia
980 3114 1074 3199 gesta,

30 3264 33 3269 .
56 3208 101 3267 ἡ
116 3203 192 3267 Sex.
221 3204 344 3287 Digitio
359 3205 490 3263 tribuno
502 3204 653 3278 militum,
675 3200 731 3287 'qui
743 3203 889 3263 sacrificii
904 3201 996 3262 causa
1011 3204 1075 3275 Ro-
1110 3252 1113 3257 .

57 3286 152 3365 inam
171 3311 324 3366 venerat,
344 3289 418 3349 sunt
441 3289 558 3349 audita.
602 3292 733 3371 Propter
747 3308 828 3370 quae
848 3290 942 3351 veriti
957 3292 1087 3365 Patres,

60 3376 204 3463 &aquae
215 3380 318 3457 maior
332 3377 513 3458 ignominia
526 3376 734 3460 acciperetur,
748 3376 864 3458 legatos
877 3376 915 3437 in
927 3376 1075 3439 Macedo·

61 3462 169 3543 ἡὴ,
192 3468 239 3527 Μ;
258 3464 405 3523 Fulvium
418 3464 586 3537 Flaccum,
611 3476 643 3521 et
658 3464 702 3521 Μ.
719 3463 894 3525 Caninium
910 3465 1073 3535 Rebilum,
1118 3513 1122 3519 .

58 3540 228 3627 misdnmt,
246 3551 482 3633 quicomperta,
499 3568 580 3629 quae
596 3564 779 3631 agerentur,
794 3548 974 3609 referrent:
992 3566 1024 3611 et
1039 3564 1085 3609 ut.
1100 3576 1117 3603 π

56 3634 97 3699 A.
114 3638 275 3701 -Hostilius
300 3634 410 3695 consul
438 3635 568 3697 comitia
593 3632 773 3695 consulibus
789 3635 1006 3719 subrogandis
1028 3636 1075 3695 ita

55 3722 221 3801 dicem,
237 3724 284 3787 uti
296 3719 409 3788 meuse
429 3720 584 3795 meie
593 3721 730 3790 comitia
745 3720 868 3787 habeti
876 3720 1036 3808 positura,
1052 3734 1091 3777 εἴ
1128 3785 1130 3788 .

146 3831 180 3865 A,
1066 3816 1116 3861 W.
