2354 4140
215 102 381 169 tissa.
400 106 480 165 xtt.
528 106 798 180 clariuxu
826 110 1028 205 Δ

40 186 823 207 *mu-*m

545 232 571 267 a.
596 210 630 269 C.
650 212 691 269 N.
717 212 874 285 177.176.

40 350 155 412 mpore
167 328 286 391 habere
302 330 393 412 justit,
411 332 586 410 creatisque
601 332 639 390 iu
654 350 779 389 annum
794 330 1025 413 magistratibus

40 416 268 500 ,provinciam
284 416 409 494 redire,
433 434 466 477 et
488 418 647 476 coloniam
669 438 710 476 ex
733 414 871 476 hostibus
887 421 1023 502 cripere.

40 520 75 578 ι’,
118 502 166 563 uti
191 502 314 565 censuit
341 501 486 577 senatus,
531 504 657 563 coniitia
690 504 805 565 habita.
872 506 1024 566 Consules

40 586 127 665 eati,
155 590 215 649 Cn.
234 590 402 651 Cornelius
418 589 523 673 Scipio
537 590 715 672 Hispallus,
739 592 777 667 Q.
794 592 933 653 Petillius
947 595 1024 675 Spu-

40 692 111 735 nus.
158 678 318 738 Praetores
333 676 519 753 indefecti,
542 680 586 736 M.
603 677 751 761 Popillius
764 678 903 753 Laenas,
927 682 957 738 P.
974 680 1023 739 Li·

40 763 113 823 uius
137 762 280 841 Crassus,
298 767 354 824 llll.
375 764 543 825 Cornelius
567 763 688 846 Scipio,
713 765 747 823 L.
764 764 904 846 Papirius
911 760 1023 843 Melo,

40 852 54 911 J.
77 846 238 927 Aburius,
273 853 308 912 L.
329 848 487 933 Aquillius
508 851 629 911 Gallus.
691 852 724 909 (2.
747 850 879 911 Claudio
900 851 1024 923 consuli

40 950 212 1018 :erogatum
233 937 271 998 in
291 958 417 997 aunum
437 938 627 1021 imperium,
672 954 703 997 et
716 936 822 998 Gallia
838 938 1022 1019 provincia:

48 1067 59 1099 ,
90 1044 134 1084 ne
157 1022 227 1085 Istri
246 1046 372 1107 quoque
396 1024 501 1100 idem,
530 1022 616 1106 quod
635 1041 666 1085 et
684 1024 831 1107 Ligures,
861 1022 1022 1103 facerent,

41 1110 108 1171 cios
123 1112 267 1172 nominis
284 1112 391 1173 Latini
406 1112 444 1171 in
460 1110 583 1171 Istriarn
596 1112 752 1189 mitteret,
770 1133 848 1194 quos
868 1112 1024 1194 triumphi

40 1194 102 1257 tusa
118 1195 160 1257 de
173 1198 341 1282 provincia
354 1196 541 1259 deduxisset.
587 1201 647 1259 Cn.
663 1200 812 1259 Cornelio
829 1214 860 1258 et
874 1204 912 1277 Q.
932 1200 1022 1259 Petil-

40 1282 274 1359 ›consulibuu
318 1308 379 1369 quo
402 1284 454 1346 die
473 1284 685 1367 magistratum
709 1286 874 1360 inierunt,
909 1288 1021 1347 immo-

40 1370 149 1433 ntibus
165 1373 237 1437 Jovi
248 1370 378 1455 singulis
393 1374 512 1449 bubus,
542 1374 588 1433 uti
601 1371 693 1448 solet,
720 1373 758 1432 in
774 1394 812 1435 ca
824 1370 940 1449 hostia,
961 1392 1023 1455 qua

40 1457 200 1522 .Petillius
214 1458 416 1535 sacrificavit,
437 1460 476 1520 in
490 1459 632 1541 jocinore
647 1474 741 1541 caput
756 1480 827 1519 non
841 1461 1023 1521 inventum.

40 1566 132 1605 ‚cum
151 1545 194 1605 ad
207 1544 353 1606 senatum
367 1544 538 1621 retulisset,
563 1547 642 1607 horo
657 1546 807 1628 perlitare
820 1546 926 1627 jussus.
968 1545 1024 1608 De

40 1632 183 1717 mrineiis
198 1630 319 1708 deinde
338 1632 498 1695 consultus
521 1632 648 1693 senatus
663 1631 744 1693 Pisas
760 1648 792 1691 et
804 1634 934 1715 Ligures
950 1657 1023 1717 pro·
1038 1678 1044 1691 .

40 1719 132 1779 noias
153 1719 334 1781 consulibus
361 1719 512 1781 decrerit.
558 1720 616 1779 Cui
637 1716 721 1779 Pisae
742 1720 910 1800 provincia
930 1724 1024 1782 obve-

40 1802 126 1881 isset,
148 1826 219 1865 etun
240 1806 476 1891 magistratuum
491 1805 707 1867 creandorum
722 1821 846 1887 tempus
862 1805 953 1883 esset,
981 1807 1024 1869 ad

40 1892 142 1953 omitia
152 1894 270 1955 ,reverti
291 1892 384 1977 jussit.
429 1893 573 1955 additum
596 1892 741 1967 decreto,
771 1908 806 1949 ut
821 1892 914 1953 binas
929 1894 1023 1977 legio-

40 1998 74 2039 es
89 1998 186 2041 noras
200 1979 393 2057 scriberent,
417 1998 447 2041 et
462 1997 609 2041 trecenos
622 1980 757 2061 equites:
778 1994 809 2039 et
822 1978 908 2037 dena
922 1981 1024 2040 millia

40 2062 157 2151 editum
176 2064 267 2129 sociis
285 2068 478 2151 nominique
502 2068 633 2143 Latino,
663 2082 694 2125 et
714 2064 866 2127 sexcenos
889 2069 1024 2150 impera-

40 2168 87 2213 ent
108 2153 236 2235 equites.
282 2154 332 2215 Ti.
350 2154 482 2215 Claudio
503 2169 705 2237 prorogatum
732 2152 775 2211 est
795 2152 965 2234 imperium
985 2153 1024 2213 itt

40 2253 44 2299 ¹.
58 2254 203 2325 tempus,
233 2262 295 2325 quo
309 2242 347 2302 iu
359 2242 562 2325 provinciam
577 2238 686 2302 consul
702 2239 845 2301 venisset.

90 2412 159 2483 XV,
185 2412 276 2475 Dum
298 2414 339 2477 de
361 2415 412 2477 his
434 2418 530 2478 rebus
545 2415 584 2475 in
598 2412 710 2475 senatu
725 2414 845 2495 agitur,
874 2414 933 2474 Cn.
950 2412 1024 2475 Cor-

40 2498 136 2577 elius,
170 2519 314 2565 evocatus
335 2526 354 2563 a
375 2506 513 2581 viatore,
536 2524 609 2561 curn
634 2502 754 2583 templo
777 2498 914 2582 egressus
938 2499 1024 2576 esset,

40 2586 107 2647 tulo
125 2585 196 2671 post
223 2589 320 2652 rediit
348 2588 480 2652 consulo
504 2592 611 2664 vultu,
655 2605 687 2648 et
710 2588 853 2671 exposuit
880 2589 1025 2647 Patribus

40 2672 135 2736 inseri
160 2674 217 2751 tis,
241 2668 329 2739 boris
350 2677 538 2752 sescenaris,
563 2698 657 2759 quem
679 2672 916 2751 immolavisset,
936 2674 1025 2757 jecur

40 2696 186 2822 elluxise.
218 2761 254 2822 id
270 2762 302 2824 se
316 2765 496 2827 'victimario
512 2763 679 2823 nuntianti
693 2784 808 2844 parurn
826 2760 1025 2836 credentem,

40 2846 115 2907 ‚sum
142 2868 257 2929 aquam
280 2849 407 2913 effundi
435 2841 575 2926 ex'olla,
618 2850 674 2917 ubi
699 2865 771 2907 exta
800 2864 1027 2929 coquerentur,

40 2932 140 2995 ffille:
178 2950 211 2994 et
231 2934 343 3000 vidisse
371 2957 512 2999 ceteram
533 2940 693 3021 integram
712 2951 839 3017 partem
860 2950 1024 3007 extorum,

40 3042 98 3083 cur
111 3042 210 3083 omne
233 3025 495 3087 inenarrabiliter
517 3024 703 3085 absumtum.
749 3020 883 3081 Territis
901 3040 938 3079 eo
953 3040 1026 3102 pro·

40 3108 270 3193 gio'l’atriltus,
315 3128 347 3173 et
373 3115 452 3171 alter
472 3112 583 3171 consul
600 3131 710 3169 curam
733 3106 863 3190 adjecit:
908 3103 1025 3187 quise,

40 3193 99 3271 ted
114 3212 207 3278 caput
223 3198 360 3279 jocinori
376 3196 538 3273 defuisset,
561 3199 660 3259 tribus
679 3198 777 3255 bubus
791 3192 951 3275 perlitasse
967 3212 1025 3251 ne-

40 3277 105 3346 tvit.
173 3274 306 3345 Senatus
331 3285 503 3367 majoribus
533 3282 640 3345 hostiis
663 3278 824 3363 usquead
846 3278 1026 3339 litationem

40 3367 181 3431 rusticari
195 3368 287 3451 jussit.
344 3362 464 3432 Ceteris
477 3370 551 3433 Diis
570 3370 753 3454 perlitatum
772 3364 900 3425 serunt:
929 3367 1027 3427 Saluti

40 3453 170 3516 etislium
191 3454 352 3541 perlitasse
368 3475 498 3541 negant.
544 3455 625 3515 Inde
642 3452 786 3513 consules
801 3468 1028 3537 praetoresque

40 3540 201 3619 torincias
214 3542 324 3604 sortiti.
368 3543 454 3606 Pisae
479 3546 539 3604 Cn.
555 3540 722 3616 Cornelio,
753 3539 883 3624 Ligures
906 3540 1028 3601 Petillia

40 3646 224 3691 evenerunt.
269 3633 450 3707 Praetores,
477 3633 513 3692 L.
530 3629 671 3712 Papirius
686 3627 772 3689 Maso
787 3630 960 3701 urbanam,
981 3628 1025 3687 M.

40 3716 150 3801 burins
171 3716 259 3799 iuter
275 3718 481 3801 peregrinos,
522 3716 625 3779 sortiti
646 3714 731 3778 suut.
796 3718 846 3781 tlt.
864 3714 1041 3869 §erigebas

619 3833 622 3838 ·
920 3818 925 3827 ·
965 3818 1059 3880 eipso
