2354 4140
114 140 121 155 ι
181 106 344 179 ,LIBER
371 108 495 172 XXXV.
541 110 614 170 Cae.
645 109 734 168 XIII.
763 110 850 169 XIV.
872 112 1075 217 Q

296 216 337 275 U.
354 216 389 276 C.
412 222 488 315 552.
615 215 841 295 a.(',.N.193.

50 338 204 401 casurum
227 336 329 412 soret,
362 336 456 397 satius
482 334 546 395 else
560 336 721 396 Romanis
742 335 832 396 sociis
849 356 1076 423 quamcunque

51 424 226 495 fortunam
247 423 372 509 sallire,
393 444 490 507 quam
504 420 607 485 solum
623 439 675 481 aut
692 422 865 505 imperium
879 427 945 507 pati
958 425 1073 490 Antio·

50 514 124 593 ehi,
143 530 198 575 aut
221 515 423 571 abnuentem
436 512 468 573 ui
483 526 576 591 atque
591 511 687 571 armis
704 511 781 593 cogi.
810 512 861 571 Ob
868 511 957 589 haee,
973 538 1073 595 quan.

50 619 125 671 tum
141 596 347 674 auctoritate,
367 614 524 680 quantum
538 596 669 659 consilio
680 600 822 676 valebat,
841 598 994 661 incitabat
1008 606 1072 664 Ro-

53 708 172 754 manos
191 685 235 749 ad
248 688 380 749 bellum.
596 676 606 709 ²

162 864 250 929 XIV.
296 857 452 943 Sulpicius
478 880 572 943 aeger
602 862 744 945 Pergami
763 860 905 923 substitit.
947 863 1070 940 Villius,

42 976 131 1022 ‚mm
145 951 279 1015 Pifidiae
293 949 379 1009 bello
392 965 581 1031 occupatum
596 946 658 1009 esse
675 972 783 1033 regem
799 948 950 1025 audisset,
966 950 1072 1035 bpbe-

44 1044 128 1120 ‚sum
141 1037 323 1127 profectus,
347 1034 426 1095 duan
438 1056 554 1118 paucos
569 1038 614 1100 ibi
628 1054 770 1105 moratur
785 1035 871 1112 dies,
895 1036 983 1097 dedit
998 1058 1072 1119 ope·
1124 1060 1127 1065 ·

53 1152 146 1208 ram,
176 1143 211 1188 ut
233 1145 308 1185 eum
330 1123 530 1199 Hannibale,
560 1124 614 1205 qui
630 1140 700 1183 tuin
713 1124 756 1184 ibi
771 1122 855 1185 sorte
871 1140 956 1200 erat,
979 1122 1073 1205 saepe

52 1206 328 1303 congrederetui3
355 1226 389 1269 ut
410 1213 557 1271 animuin
578 1212 644 1293 ejus
667 1227 866 1287 ettentaret‚
889 1210 989 1293 lique
1004 1211 1072 1295 pul-
1156 1284 1160 1301 Ι

56 1308 125 1381 set,
153 1320 182 1364 et
204 1316 327 1360 metum
348 1296 492 1359 demeret
510 1299 645 1383 periculi
668 1299 697 1358 ei
710 1298 884 1379 quidquam
899 1302 938 1357 ab
954 1302 1071 1359 Homa-

59 1394 115 1454 nis
139 1386 208 1450 esse.
255 1385 312 1448 His
334 1386 497 1467 colloquiis
521 1382 608 1447 aliud
622 1384 760 1465 quidem
780 1404 887 1445 aetum
909 1386 990 1445 nibil
1009 1385 1070 1445 est:
1139 1410 1142 1419 ·

57 1476 200 1542 secutum
221 1492 332 1535 tamen
348 1472 401 1533 sua
415 1472 529 1556 sponte
544 1471 604 1547 est,
627 1474 713 1531 velut
729 1474 860 1533 consilio
876 1474 1012 1556 petitum
1026 1470 1074 1533 es·

56 1567 113 1645 set,
135 1580 171 1625 ut
185 1562 280 1625 vilior
295 1565 335 1619 ob
352 1582 390 1621 ea
404 1562 472 1642 regi
489 1560 652 1620 Hannibal
671 1576 700 1618 et
714 1559 887 1643 suspectior
904 1560 942 1619 ad
960 1562 1071 1619 onmia

54 1655 157 1718 fieret.
202 1646 369 1723 Claudius,
398 1646 520 1706 secutus
544 1647 684 1706 Graecos
708 1645 873 1709 Acilianos
898 1649 1013 1723 libros,
1035 1650 1068 1708 P.

54 1739 253 1805 Affieanum
275 1736 313 1794 in
328 1755 365 1792 ea
379 1730 471 1793 fuisse
484 1732 643 1812 legatione
661 1732 774 1791 tradit:
799 1756 937 1814 eumque
953 1733 1070 1817 siplteli

55 1828 254 1889 collocutum
270 1842 346 1877 cum
362 1817 558 1879 Hannibale.
602 1816 644 1874 Et
654 1816 834 1878 sennonem
854 1823 950 1893 etiam
967 1844 1072 1881 iastiun

55 1909 181 1981 ¹resen,
217 1924 279 1988 quo
301 1902 475 1983 'quaerenti
495 1900 668 1975 Africano,
704 1923 786 1984 quen
802 1903 900 1986 fuiffe
920 1912 1072 1967 uraxienaru

59 2001 270 2075 imperatorem
291 1985 435 2049 Hannibal
447 1986 607 2046 erederet?
629 1986 842 2069 respondisse,
863 1989 1075 2053 Alexandrum

58 2074 258 2143 Macedanum
273 2094 397 2161 ,regem
424 2071 503 2155 quod
527 2093 623 2153 parva
643 2093 726 2132 manu
750 2074 974 2135 innumerabiles
989 2098 1073 2136 enee-

58 2172 137 2231 citus
145 2162 298 2246 fudisset,
326 2159 465 2244 quodque
488 2180 568 2229 aras,
600 2179 672 2240 quas
695 2158 788 2241 visere
808 2161 904 2242 supra
918 2160 1002 2243 spent
1020 2159 1073 2222 leu-

59 2273 168 2319 ntanaae
197 2251 281 2335 esset,
310 2266 388 2332 pera
410 2246 508 2330 resset.
555 2249 732 2327 Quaerenti
752 2246 893 2322 deinde,
930 2268 1012 2329 quen
1023 2250 1074 2331 se-

60 2339 185 2403 tundunt
204 2336 354 2419 ponerer?
366 2268 556 2421 -syrrleurn,
587 2332 709 2395 (fixisse.
755 2334 980 2413 castrametari
1006 2341 1073 2417 pri-

59 2448 137 2492 mun
172 2423 304 2505 daauiffe.
346 2420 400 2483 ad'
421 2418 473 2481 laec
510 2425 647 2482 neminen
675 2418 835 2504 elegantius
862 2421 927 2483 soca
956 2424 1071 2507 cepe'ſji.

58 2509 211 2599 praesidia
232 2507 421 2591 disposuiffe,
448 2526 542 2567 artem
565 2513 650 2570 etiarn
666 2508 843 2571 conciliandi
859 2507 921 2582 fili
941 2505 1072 2573 laamiaer

62 2622 122 2663 eam
144 2595 289 2679 babuisse,
326 2613 362 2655 at
383 2592 499 2657 Italicae
520 2614 619 2677 gentes
641 2598 721 2678 regis
743 2600 880 2673 externi,
914 2616 1001 2677 quara
1017 2620 1069 2680 po·

60 2687 129 2772 pali
156 2683 298 2758 Romani,
335 2678 444 2741 tamdiu
473 2686 626 2763 principis
648 2686 680 2742 in
709 2702 741 2741 ee
770 2700 874 2760 terra,
911 2689 1070 2766 imperium

61 2772 114 2857 effe
134 2769 260 2833 mallent.
306 2766 519 2849 Exsequenti,
547 2789 631 2848 quem
656 2773 779 2829 tertium
802 2769 954 2831 eluceret?
984 2774 1070 2834 baud
1151 2766 1160 2777 ”

61 2860 156 2921 dubie
169 2856 256 2938 [enee
271 2852 365 2939 ipsura
382 2852 502 2915 dixisse.
539 2857 625 2914 Tum
638 2853 736 2915 risum
752 2859 902 2915 obortum
916 2860 1069 2942 Scipioni,

61 2960 95 3005 et
115 2941 293 3027 subjecisse:
331 2940 479 3021 Quidnam
502 2959 536 3001 eu
556 2941 687 3017 diceres,
708 2941 736 3016 fi
758 2962 803 3002 ene
820 2942 966 3027 vicisses?
996 2943 1070 3006 Tura

61 3042 108 3109 nee
125 3020 214 3101 aera',
244 3029 366 3111 inquit,
390 3048 419 3089 et
439 3047 505 3089 anae
527 3029 749 3101 Alexandrum,
772 3048 802 3090 ea
820 3049 887 3091 ante
906 3028 1071 3115 Pyrrlaum,

14 3126 18 3137 '
61 3136 92 3179 et
112 3136 179 3188 aare
208 3136 303 3178 aenaea
322 3116 395 3176 alias
416 3119 610 3197 imperatores
634 3114 696 3195 esse.
740 3114 782 3173 Et
807 3118 998 3199 perplexum
1015 3124 1070 3183 Pu.

60 3205 137 3265 nico
158 3200 225 3263 astu
236 3196 442 3285 responsum,
462 3217 494 3261 el
509 3200 718 3285 improvisum
734 3199 954 3264 assentationis
969 3227 1070 3288 genus

59 3290 245 3377 Scipionem
266 3288 416 3364 movisse,
438 3286 525 3371 quod
548 3310 566 3351 e
579 3308 673 3371 grege
688 3286 721 3347 se
737 3288 969 3368 bnperatorum
984 3298 1071 3357 velut,

57 3376 325 3446 inaestimabilem
348 3373 539 3439 secrevisset.

163 3552 231 3617 XV.
276 3550 390 3613 Villius
408 3550 448 3608 ab
462 3546 589 3633 Epheso
605 3546 784 3631 Apameam
797 3549 953 3635 processit.
986 3574 1024 3614 eo
1040 3539 1071 3613 et

16 3666 19 3671 ·
57 3636 253 3713 AntiochuS,
286 3636 393 3696 audito
410 3637 824 3719 Romanorumlegatorum
839 3638 999 3715 adventu,
1021 3662 1071 3698 ot»-

58 3741 185 3795 “mi
197 3723 361 3807 Apameae
375 3719 546 3805 00ΠέΤῶ
563 3720 752 3813 deceptatio
762 3723 1096 3815 'eademsemieluu,
