2354 4140
153 65 159 87 ¹
241 70 396 168 imm
418 108 560 171 xxxvi.
604 60 882 173 clermxtv.
1006 82 1071 185 235
1159 186 1163 195 ,

41 185 662 211 ,Μ--ι-ι--ι--μ

185 213 223 270 U.
248 213 281 272 C.
303 215 377 283 561.
574 236 577 245 ¹
691 233 718 271 a.
742 214 777 273 C.
835 259 842 274 .
870 222 951 295 191.¹

50 288 1071 315 mmm-h*

15 324 18 329 ’
54 331 244 415 quingentis
257 330 418 413 peditibus
429 349 462 411 et
472 332 629 415 equitibus
643 317 854 416 quadraginta
868 336 904 396 in
911 335 1069 418 praesidio

27 494 30 499 Ι
56 434 142 493 erat,
165 434 196 479 et
210 416 455 494 circumsidunt,
475 434 524 493 et,
545 419 731 501 priusquam
746 439 978 503 oppugnarent,
996 423 1083 487 min·

10 578 12 583 ,
56 522 132 567 tunt
154 504 196 567 ad
218 505 416 587 Philippum,
451 505 503 587 qui
523 523 688 583 moneret,
711 526 756 567 ne
771 509 837 568 vim
855 509 999 570 ultimam
1015 531 1068 571 ex·
1092 538 1146 597 ,pti

81 592 160 652 eriri
183 593 286 652 vellet.
334 592 457 671 Quibus
478 590 534 651 ille
555 591 627 653 satis
648 591 799 655 ferociter
812 592 994 677 respoudit,
1015 598 1067 658 vel
1125 586 1132 599 ’

43 616 233 755 ἷζοιηᾱῃὶε,
256 681 304 739 vel
322 676 478 739 Thessalis
492 675 525 737 se
539 676 736 743 crediurum
749 677 858 742 fuisse:
877 682 915 741 in
930 682 1068 768 Philippi

30 764 91 849 'K-sc
105 764 290 849 potestatem
307 762 544 845 commissurum
557 784 628 825 nou
643 762 716 826 esse.
739 766 907 849 Postquum
922 769 1069 852 apparuit

43 853 91 921 ,vi
106 850 278 935 agendum,
287 853 361 934 quia
376 850 543 913 videbatur
556 867 588 912 et
595 853 781 921 Lmrneeam
793 853 907 913 eodem
923 854 1068 939 tempore

56 940 239 1023 oppugnari
260 936 370 1025 posse,
389 958 498 1021 regem
514 936 555 997 ad
571 940 757 999 Limnaeum
773 940 820 1000 ire
836 942 969 1023 placuit:
992 942 1069 1004 Bae·

55 1026 131 1087 hius
152 1024 264 1088 restitit
285 1023 327 1085 ad
340 1026 538 1087 Pellinaeum
552 1025 814 1109 oppugnandum.
908 1100 911 1107 Ι

30 1202 39 1259 ,’·
164 1198 247 1261 XIV.
268 1203 402 1261 Perseos
424 1196 507 1275 forte
529 1195 597 1259 dies
619 1198 672 1259 Μ’.
696 1195 819 1261 Acilius
843 1200 972 1275 consul,
995 1223 1069 1265 cum

21 1348 25 1355 ,
57 1281 173 1351 decem
205 1286 345 1349 millibus
380 1285 560 1370 peditum,¹
587 1282 709 1345 duobus
742 1287 887 1347 millibus¹
915 1289 1067 1371 equitum,

57 1370 247 1452 quindecim
267 1372 466 1459 elephantis,
497 1372 580 1431 mari
605 1372 752 1455 trajecto,
777 1372 940 1455 pedestres
962 1377 1068 1459 copies

58 1457 210 1519 Larissam
233 1458 351 1523 ducere
376 1459 514 1522 delectos
539 1458 678 1519 militum
699 1460 845 1521 tribunos
865 1460 957 1542 jussit.
1001 1461 1069 1547 ipse

57 1564 132 1605 cum
155 1547 293 1629 equitatu
309 1549 496 1609 Limnaeam
515 1543 557 1605 ad
569 1544 751 1628 Philippum
772 1548 871 1607 venit.
913 1545 1068 1611 Adventu

58 1631 198 1694 consulis
220 1632 339 1696 deditio
360 1633 428 1701 sine
453 1631 655 1694 cunctatione
674 1630 718 1692 est
732 1630 832 1693 sacta:
854 1633 1069 1719 traditumque
1138 1652 1153 1696 .·

30 1731 34 1737 ’
57 1719 251 1801 praesidium
265 1722 399 1805 regium,
420 1737 451 1781 et
460 1740 539 1783 cum
554 1719 592 1779 iis
607 1715 815 1779 Athamanes.
848 1718 900 1779 Ab
916 1724 1070 1783 Limnaee

58 1804 260 1865 Pellinaeum
281 1805 389 1867 consul
409 1805 626 1889 proficiscitur.
672 1805 723 1885 Ibi
748 1805 846 1887 primi
870 1804 1068 1869 Athamanes

17 1920 25 1951 .·
59 1886 267 1951 tradiderunt
289 1890 370 1969 se'se,
395 1890 515 1954 deinde
538 1908 569 1951 et
589 1891 752 1973 Philippus
767 1892 1067 1974 Megalopolitanus:
1116 1942 1121 1957 .

61 1974 132 2051 cui,
163 1973 334 2039 decedenti
356 1977 397 2039 de
417 1977 590 2061 praesidio,
627 1999 700 2038 cum
723 1979 836 2040 obrius
858 1975 940 2039 sorte
963 1978 1071 2041 suisset

20 2128 25 2137 ¹
59 2062 226 2151 Philippus
256 2085 331 2140 rex,
376 2062 416 2124 ad
443 2064 617 2126 ludibrium
641 2076 751 2149 regem
784 2085 857 2124 eum
880 2063 1071 2135 consalutari

14 2172 18 2179 ·
58 2147 162 2234 jussit3
190 2150 256 2235 ipse
278 2151 461 2237 congressus
475 2150 627 2229 fratrem,
649 2150 737 2213 haud
750 2150 827 2212 sane
844 2149 960 2213 decoro
972 2152 1069 2236 maje-

57 2234 129 2296 stati
152 2236 324 2319 suaejoeo,
347 2240 527 2324 appellavit.
548 2306 551 2313 ,
570 2238 737 2301 Deductus
755 2236 891 2299 indeed
907 2237 1071 2299 consulem

58 2321 211 2386 custodiri
230 2325 344 2406 jussus,
374 2342 414 2386 et1
425 2324 514 2387 haud
535 2325 581 2386 ita
599 2326 700 2387 multo
716 2324 785 2409 post
796 2326 834 2386 in
853 2326 990 2388 vinculis
1006 2328 1069 2387 Ro·

59 2431 148 2472 mam
163 2409 281 2471 missus.
325 2428 430 2471 cetera
443 2410 614 2481 multitudo
628 2410 850 2475 Athmnanum
864 2430 916 2473 aut
931 2414 1070 2477 militum

59 2486 220 2561 Antiochi
231 2496 325 2578 regis,
344 2499 477 2577 quaein
489 2496 651 2579 praesidiis
667 2498 851 2561 deditorum
863 2522 922 2587 per
938 2521 990 2560 eos
1000 2500 1071 2561 dies

58 2582 258 2669 oppidorum
280 2580 400 2661 suerat,
422 2582 569 2665 Philippo
588 2584 702 2647 tradita
720 2587 788 2669 regi
810 2585 862 2647 est.
898 2586 996 2648 'suere
1018 2609 1070 2647 au·
1151 2584 1154 2589 ’

59 2690 127 2735 tem
151 2669 194 2730 ad
216 2671 278 2737 tria
297 2669 399 2731 millia
413 2669 592 2730 hominum.
636 2671 752 2733 Cortsul
770 2672 920 2734 Larissam
936 2674 981 2734 est
999 2696 1070 2758 pro-

58 2756 180 2835 sectus,
203 2757 248 2840 ihi
270 2754 312 2818 de
334 2754 462 2817 summa·
473 2754 549 2816 belli
563 2755 799 2819 consultaturus.
845 2761 883 2820 in
899 2762 1016 2821 itinere
1030 2763 1070 2819 ab

59 2846 165 2909 Pieria
194 2859 226 2906 et
249 2844 419 2927 Metropoli
437 2844 535 2926 legati
556 2842 718 2907 tradentes
738 2849 832 2906 urbes
855 2844 923 2906 suas
945 2867 1069 2907 occure·
1159 2880 1161 2885 ·

59 2926 148 2995 runt.
194 2931 376 3015 Philippus,
394 2927 614 2992 Athamanum
633 2933 803 3016 praecipue
819 2912 951 3016 captivis
964 2931 1070 2993 indul·
1123 3004 1127 3015 Ι

82 3031 176 3077 enter
187 3016 314 3095 habitis,
328 3032 429 3099 utper
445 3038 497 3081 eos
507 3018 693 3080 conciliaret
704 3034 846 3103 gentem,
863 3010 1072 3101 nactusspem
1169 3040 1172 3053 ’

58 3036 272 3167 humaniue
285 3096 471 3186 posiundae,
487 3101 663 3169 exercitum
678 3104 828 3187 eoduxit,
843 3102 1016 3188 praemissis
1032 3107 1071 3166 in

56 3190 202 3253 eivitates
218 3191 359 3273 captivis.
381 3243 384 3248 .
402 3189 504 3253 Erilli
518 3190 903 3275 magnamteuctoritetem
920 3189 1005 3274 apud
1016 3214 1069 3275 po-

56 3278 188 3365 pulares
207 3275 406 3353 habuerunt,
429 3279 635 3341 clementiam
649 3298 724 3360 erga
737 3275 769 3337 [θ’
782 3280 864 3361 regis
880 3279 1069 3340 munificen-

56 3364 199 3447 fiamque
221 3380 523 3429 commemorantes:
554 3382 585 3425 et
605 3360 841 3444 Amnend‘er,
870 3366 959 3449 cujus
979 3386 1070 3449 prae·

57 3448 160 3511 sentis
179 3449 322 3534 majestas
345 3449 464 3531 aliquos
485 3451 522 3531 in
548 3449 611 3511 side
634 3449 856 3529 continuisset,
870 3518 873 3523 ,
886 3453 1005 3517 veritus
1025 3468 1072 3511 ne

56 3534 239 3611 traderetur
251 3535 398 3618 Philippo
414 3535 617 3617 jampridem
631 3534 725 3614 hosti,
743 3539 939 3600 ctRomanis
956 3536 1071 3600 merito
1098 3597 1103 3607 ,
1148 3586 1164 3599 .

57 3641 140 3684 tunc
151 3641 285 3709 propter
302 3621 517 3707 desectionem
535 3619 681 3698 infensis,
702 3644 774 3685 cum
791 3626 926 3713 conjuge
941 3647 978 3686 ao
993 3624 1071 3685 libe·

54 3711 104 3778 ris
118 3732 222 3799 regno
235 3706 379 3790 excessit,
400 3707 717 3799 Ambraciamque&
732 3713 885 3782 contulit.
920 3713 973 3775 -ita
986 3705 1097 3809 semar,

78 3848 85 3861 ,ι
744 3812 747 3819 ’
992 3810 1119 3859 mim&
