2354 4140
222 112 383 181 itanu
409 61 567 175 xxxvia
613 84 686 169 cn.
707 104 774 169 xx.
796 102 879 171 xxi.
896 92 919 155 ἵ
1005 94 1072 179 231:

45 348 115 414 viso
131 345 267 411 invadit.
311 342 390 403 Non
412 338 561 399 homines
576 333 695 411 solum,
731 333 788 396 sed
804 328 876 419 equi
897 339 990 397 etiam
1008 352 1074 396 ter:

12 427 18 445 '
44 439 121 513 riti,
151 456 224 497 cum
248 429 379 509 vincula
399 419 616 507 abrupissent,
640 421 889 505 trepidationem
904 440 936 484 et
955 424 1070 485 tumul·

46 532 119 586 tum
138 526 225 585 inter
249 518 318 579 [uos
342 513 508 585 fecerunt3
540 510 635 593 pauci
655 508 780 570 stabant
803 510 959 593 impavidi
980 511 1070 594 equi:

48 632 103 674 eos
120 610 202 695 ipsos
215 627 288 668 non
303 603 466 673 sternere,
479 616 551 657 non
568 594 755 676 infrenare,
773 614 825 659 aut
841 596 1013 661 ascendere
1027 597 1073 659 fa·
1138 658 1142 665 ,

47 701 111 762 eile
132 686 301 783 poterant,
323 690 425 750 multo
439 684 612 767 majorem,
646 706 742 767 quam
756 706 816 769 pro
831 707 969 746 numero
988 687 1073 769 equi.-

48 804 136 861 tum,
159 800 318 844 terrorem
333 773 471 838 Achaeis
482 768 711 832 inferentibus.
740 770 881 845 ,Pedites
898 794 976 834 uero
990 772 1073 833 ordi·
1122 784 1125 789 '

49 873 120 936 nati
134 888 166 932 et
180 866 363 955 praeparati
384 856 505 944 sparsos
520 880 580 940 per
596 860 846 941 negligentiam,
869 877 900 919 et
916 857 1076 919 senusomJ
1130 850 1136 859 ⁶

43 952 111 1025 atos
125 980 184 1042 pro
209 976 227 1016 e
243 953 347 1015 adorti
360 948 450 1009 sunt:
471 943 584 1005 caedes
600 945 710 1027 passim
724 944 860 1029 fugaque
874 969 934 1029 per
945 966 1075 1030 campos

49 1034 135 1111 sacta
149 980 212 1117 est).
266 1037 476 1121 Diophanes,
521 1028 644 1092 secutus
668 1028 801 1123 effusos,
847 1033 952 1115 quoad
972 1051 1077 1115 tutum
1107 1088 1110 1093 ,

51 1133 129 1210 fuit,
158 1146 275 1213 magno
286 1124 491 1189 Achaeorum
513 1119 602 1203 genti
621 1117 736 1180 decore
757 1136 866 1205 parto,
897 1120 1076 1204 (spectare.

51 1236 130 1285 rant
145 1218 235 1279 enim
252 1234 269 1273 e
289 1210 458 1272 moenibus
475 1204 620 1288 Pergami
639 1227 710 1268 non
726 1208 788 1268 riri
808 1207 922 1285 modo,
954 1207 1011 1271 sed
1030 1207 1076 1270 se·

43 1300 287 1377 ,minaeetiam)
301 1301 339 1361 in
353 1291 547 1383 praesidium
561 1293 652 1355 urbis
667 1293 773 1361 rediit,

135 1476 218 1538 XXI.
238 1471 363 1535 Postero
377 1469 431 1533 die
442 1470 567 1555 regiae,
586 1469 688 1552 magis
699 1464 888 1553 eompofitae
903 1486 935 1530 et
947 1468 1077 1531 oraine

55 1555 125 1642 tae,
147 1564 297 1623 stationes
317 1560 501 1643 quingentis
519 1548 659 1639 passibus
674 1556 800 1637 longius
819 1560 858 1614 ab
875 1560 954 1616 urbe
969 1557 1078 1640 posue-¹

55 1669 137 1716 runt
148 1649 264 1710 castra:
298 1661 329 1705 et
341 1643 465 1706 Achaei
481 1642 597 1730 eodem
618 1641 721 1703 ferme
737 1660 898 1726 tempore,
929 1660 1022 1725 atque
1040 1640 1079 1704 iti

13 1778 16 1799 t
56 1737 202 1803 eundem
222 1734 330 1793 locum
350 1724 601 1813 processerunt.·
626 1732 687 1790 Per
702 1733 817 1792 multas
840 1730 934 1791 horas
956 1730 1080 1793 intenti

57 1826 213 1904 utrinque
225 1821 312 1881 velut
331 1810 397 1901 jain
411 1815 552 1877 futurum
565 1819 721 1900 impetum
737 1817 973 1901 exspectavere:
997 1816 1080 1902 post·

42 1931 161 1997 ,quam
183 1903 272 1967 haud
291 1903 401 1987 procul
411 1900 528 1967 ,occasu
548 1901 620 1989 solis
640 1902 802 1967 redeundi
825 1905 1107 1985 iaculantem·
1135 1971 1139 1979 ¹

61 2016 124 2083 pus
142 1986 226 2069 erat,
257 1988 448 2073 regiisignis
462 1990 582 2049 collatis
600 1991 687 2052 abire
703 1993 847 2075 agmine,
880 1992 920 2051 ad
939 1994 1000 2053 iter
1016 2012 1081 2051 ma·-
1155 2032 1162 2047 .

61 2087 127 2169 gis,
167 2100 262 2164 quam
283 2077 324 2136 ad
346 2096 506 2161 pugnam,
542 2076 727 2161 compofito,
761 2100 906 2163 coepere.
952 2079 1082 2156 Quievit

60 2169 264 2253 Diophanes,
282 2162 361 2226 dum
375 2165 414 2225 in
429 2161 606 2249 conspectu¹
616 2180 717 2225 erant.
737 2165 857 2228 deinde
874 2165 1002 2241 eodem,
1019 2184 1081 2247 quo

61 2256 187 2357 pridie',
220 2255 342 2348 impetu
363 2252 402 2312 in
416 2248 613 2333 postremum
629 2270 743 2335 agmen
759 2256 913 2330 incurrit3
944 2269 1081 2312 tantum-

62 2366 127 2429 que
146 2339 253 2402 rursus
269 2339 396 2422 pavoris
418 2358 456 2398 ae
478 2339 629 2400 tumultus
649 2334 794 2416 incussit,
823 2358 871 2417 ut,
900 2364 973 2400 eum
995 2357 1084 2422 terga

62 2429 293 2501 caederentur,
326 2446 425 2485 nemo
437 2425 606 2509 pugnandi
623 2426 714 2487 causa
727 2425 885 2488 restiterit.
919 2426 1081 2510 trepidan·

62 2528 192 2600 tesqua,
209 2529 241 2573 et
254 2514 309 2576 vix
322 2512 472 2574 ordinem
486 2514 621 2595 agminis
635 2513 815 2591 servantes,
834 2517 870 2575 in
885 2515 983 2576 castra
999 2534 1081 2574 eom·

61 2604 145 2692 pulli
169 2602 253 2662 [unt.
299 2602 386 2683 Haec
399 2596 602 2660 Achaeorum
624 2600 755 2662 audacia
769 2604 936 2663 Seleucum
951 2624 991 2662 ex
1008 2604 1084 2685 agro

61 2696 262 2775 Pergameno
279 2705 411 2749 movere
431 2685 530 2746 eastra
544 2690 653 2772 coegit.
698 2687 897 2766 Antiochus,
919 2689 1085 2774 postquam

9 2834 12 2843 .
63 2783 231 2843 Romanos
247 2792 278 2834 et
286 2775 468 2835 Eumenem
480 2773 522 2834 ad
535 2774 693 2835 tuendum
701 2773 947 2858 Adramytteum
961 2774 1086 2855 venisse

66 2865 203 2939 audivit,
240 2883 277 2922 ea
300 2861 432 2944 quidem
451 2865 531 2921 urbe
553 2856 724 2939 abstinuit,
757 2862 965 2947 depopulatus
985 2882 1084 2945 agros.

67 2948 220 3014 Peraeam
232 2947 322 3027 inde,
336 2949 496 3009 coloniam
509 2950 779 3030 Mitylenaeorum
796 2951 998 3033 expugnavit.
1015 2952 1085 3009 Cot·

69 3026 147 3115 toh,
179 3038 211 3098 e't
231 3037 426 3117 Corylenus,
461 3052 493 3096 et
515 3034 738 3118 Aphrodisias,
770 3053 801 3096 et
814 3039 945 3113 Grene,
979 3037 1086 3118 primo

67 3124 192 3210 impetu
217 3130 328 3208 captae
349 3120 432 3182 sunt.
474 3121 554 3183 inde
573 3144 632 3206 per
656 3124 812 3205 Thyatira
837 3122 949 3184 Sardes
978 3121 1085 3184 rediit.

67 3215 234 3288 Seleucus,
249 3213 286 3272 in
302 3211 463 3271 maritima
478 3232 534 3271 ora
546 3230 762 3293 permanens,
780 3212 849 3273 aliis
866 3211 1000 3287 terrori,
1017 3211 1089 3271 aliis

66 3298 226 3388 praesidio
244 3313 322 3358 erat.
348 3295 457 3357 Claffis
473 3298 622 3357 Romana
637 3318 710 3357 eum
725 3299 874 3359 Eumene
888 3297 1092 3380 Rhodiisque

67 3384 393 3469 Mitylenen‘primo,
411 3382 491 3444 inde
503 3401 599 3461 retro,
609 3384 698 3445 unde
713 3383 856 3469 profecta
872 3402 948 3461 erat,
958 3386 1091 3447 Elaeam

68 3466 178 3541 rediit.
194 3471 306 3554 [Inde
322 3471 497 3533 Phocaeam
518 3478 664 3554 petentes
681 3472 724 3533 ad
736 3470 891 3550 insulam,
920 3495 1016 3555 quam
1032 3472 1090 3530 Ba·

69 3562 182 3625 ehiu‘m
196 3573 335 3645 vocant,
344 3559 516 3635 (itnminet
528 3560 602 3619 urbi
611 3558 871 3636 Phocaeensium)
887 3562 1091 3647 appulerunt,

69 3668 121 3729 et,
143 3651 258 3734 quibus
275 3662 350 3707 ante
369 3644 597 3705 abstinuerant
619 3647 745 3731 templis
759 3645 937 3732 signisque,
954 3644 1109 3726 <egregie

70 3740 352 3821 autern'exornata‘
373 3729 479 3795 infida
494 3732 586 3823 erat)
608 3748 686 3799 eum
701 3732 868 3801 hostiliter
892 3727 1161 3873 intimassent„Q

636 3833 676 3934 ᾗ,
984 3896 987 3901 .
