2354 4140
287 108 443 173 LIBER
466 109 576 167 XLIII.
622 110 710 171 Car.
734 110 788 170 XI.
813 110 883 171 XII.

896 187 1103 219 ..Ι-ἀι*

86 288 1101 317 mmm—*ndu*

83 356 118 401 ut
138 340 246 423 primo
268 353 395 416 quoque
416 348 562 415 tempore
584 334 623 394 in
650 336 765 391 urbem
787 330 920 392 rediret.
966 332 1100 393 Interim

83 429 129 489 Μ.
144 414 264 485 Raecio
279 419 421 505 praetori
443 418 652 494 mandatum,
674 435 709 481 ut
728 416 833 480 edicto
853 417 1019 479 senatores
1038 440 1110 479 om:

82 534 143 575 nes
162 532 204 571 ex
225 524 290 568 tota
311 498 405 567 Italia
425 502 502 581 (nisi
521 508 582 587 ,qui
602 505 801 589 reipublicae
827 504 920 565 causa
942 504 1103 579 abessent)

83 602 224 661 Romam
242 610 416 655 revocaret.
469 592 533 671 Qui
558 594 678 653 Romae
704 590 826 668 essent,
860 614 905 655 ue
930 593 1002 673 quis
1022 593 1100 653 ultra

83 684 173 752 mille
186 680 334 765 passuum
347 681 387 739 ab
404 681 508 741 lloma
522 677 649 739 abesset.
676 676 735 753 Ea,
757 678 805 739 uti
822 678 949 739 senatus
967 677 1098 753 censuit,

6 804 13 821 ·
83 772 159 835 sunt
172 768 265 829 sacta.
293 768 431 829 Comitia
444 765 624 827 consularia
638 781 714 830 ante
728 764 818 825 diem
825 766 976 847 quintum
985 766 1097 826 Kalen·

84 858 141 921 dat
156 856 357 937 Septembres
375 850 475 912 suere.
520 853 627 915 Creati
639 850 785 913 consules
806 850 882 913 sunt
903 854 944 933 Q.
962 851 1098 913 Marcius

83 944 248 1025 Philippus
273 941 389 1001 iterun
412 956 444 999 et
456 941 516 999 Cn.
536 938 686 1001 Servilius
701 939 829 1022 Caepio.
852 938 924 1025 post
937 938 1029 1000 diem
1042 952 1100 997 ter·

83 1034 166 1094 tium
178 1043 341 1109 praetores
362 1025 438 1084 sunt
453 1023 529 1085 sacti
544 1027 579 1087 C.
595 1024 772 1101 Decimim,
790 1027 836 1087 Μ.
852 1024 1004 1089 Claudius
1019 1027 1100 1087 Mu·

85 1118 202 1190 celius,
237 1116 271 1173 C.
296 1114 451 1194 Sulpicius
475 1112 605 1188 Gallus,
639 1115 673 1173 C.
689 1112 829 1175 Marcius
851 1114 998 1197 Figulus,
1035 1111 1098 1173 Ser.

66 1216 70 1223 '
84 1202 253 1267 Cornelius
268 1200 429 1273 Lentulus,
453 1201 484 1257 P.
501 1200 651 1283 Fonteius
664 1198 785 1282 Capito.
815 1198 1000 1283 Designatis
1011 1218 1098 1283 prae·

84 1291 206 1362 turilias
229 1301 356 1370 praeter
381 1284 459 1344 duas
482 1289 638 1363 urbanas,
669 1293 802 1367 quatuor
819 1286 1008 1368 provinciae
1029 1284 1098 1345 sunt

85 1376 249 1447 decretae,
281 1371 454 1453 Hispania,
484 1387 516 1431 et
538 1372 703 1449 Sardinia,
735 1388 766 1431 et
787 1372 910 1448 Sicilia,
933 1389 967 1433 et
989 1370 1097 1433 eleffit·

85 1460 193 1544 Legati
215 1480 256 1519 ex
282 1456 492 1533 Macedonia,
514 1475 625 1519 exacto
639 1458 813 1538 admodum
828 1460 939 1521 mense
965 1461 1107 1521 Februa.

83 1550 150 1625 rio,
180 1543 358 1605 redierunt.
404 1544 463 1621 Hi,
492 1566 568 1626 quas
590 1567 642 1607 res
664 1568 702 1607 ea
726 1544 840 1607 aestate
861 1545 1016 1631 prospere
1038 1541 1099 1629 ges·

85 1630 169 1695 iisset
184 1652 242 1691 rex
267 1630 414 1707 Perseus,
436 1629 642 1709 referebant,
665 1648 865 1715 quantusque
889 1635 987 1695 timor
1001 1630 1100 1713 societ

84 1742 128 1806 po
151 1720 197 1781 uli
212 1718 356 1779 Romani
370 1716 519 1801 cepisset,
540 1736 586 1779 tot
601 1721 733 1781 urbibus
756 1721 794 1780 in
807 1720 1002 1805 potestatem·
1020 1718 1096 1803 regi!

85 1828 121 1871 re
163 1807 231 1869 ctis.
256 1804 435 1867 Exercitum
450 1805 575 1887 conjitlit
592 1805 809 1888 infrequentem
821 1805 1023 1869 commeatibus
1036 1800 1098 1867 nul·

85 1914 124 1983 go
146 1890 224 1953 dotis
246 1912 305 1977 ptr
327 1888 507 1953 urbitiottttu
533 1889 604 1973 effe:
628 1893 741 1973 culpato
756 1896 819 1978 ejus
841 1898 888 1953 rei
906 1892 1049 1977 consultat
1068 1893 1099 1951 iu

86 1978 223 2042 tritonis
236 1976 379 2050 utilitum,
401 1994 506 2037 contro
520 1976 585 2039 illos
602 1983 634 2038 t'n
657 1977 795 2060 consulent
815 1985 965 2061 conferre.
1013 1976 1098 2067 Iguu-

84 2071 222 2134 tttittittm,
246 2062 368 2127 Claudii
382 2067 548 2123 temeritate
562 2084 713 2145 acceptam,
737 2063 850 2126 elevare
867 2087 915 2127 tot
932 2064 1040 2129 Patres
1053 2062 1096 2126 tt·

85 2169 247 2239 ceptrum,
282 2153 336 2233 qui
370 2168 535 2231 perpaucos
569 2148 666 2212 Italici
678 2202 681 2207 ,
700 2155 834 2237 generis,
869 2171 899 2214 tt
926 2170 1033 2238 magu
1057 2168 1095 2215 e!

85 2259 176 2325 parte
206 2237 382 2299 tumulturio
415 2234 528 2295 delectu
565 2236 744 2319 mustriptos
782 2239 825 2299 iln'
853 2230 963 2300 titilittt
991 2234 1100 2319 attiffot

86 2323 263 2407 rtftrtbant.
308 2321 460 2384 Consules
485 2319 655 2406 designati,
696 2327 751 2384 ubi
771 2327 916 2408 primum
937 2324 1101 2411 magistra·

85 2432 154 2475 tum
174 2410 323 2485 inissent,
352 2407 394 2469 de
415 2408 607 2469 Macedonia
629 2410 752 2471 referre
778 2412 820 2471 ad
839 2412 987 2473 senatum
1012 2410 1108 2493 jussi:

85 2499 323 2577 destinataeque
344 2496 531 2578 provinciae
560 2498 598 2557 iis
626 2497 698 2557 sunt
726 2500 817 2559 Italia
841 2517 873 2560 et
894 2498 1100 2562 Macedonia.

86 2590 155 2647 Hoc
175 2604 264 2643 anno
287 2583 509 2642 intercalatum
531 2582 590 2642 est:
618 2586 712 2644 tertio
733 2585 785 2651 die
804 2586 873 2667 post
895 2586 1100 2650 Terminalia

84 2667 251 2733 Kalendae
269 2669 476 2729 intercalares
498 2666 598 2733 suere.
645 2671 933 2735 Sacerdotes'intra
951 2696 1031 2735 eunt
1044 2695 1100 2734 an·

82 2779 167 2821 num
180 2755 315 2829 mortui,
358 2757 390 2814 L.
421 2756 623 2817 Flamininus
638 2756 677 2791 ἢ
699 2759 866 2841 pontifices
881 2759 946 2821 dito
960 2756 1098 2821 decessel

82 2854 178 2919 runt,
198 2845 232 2903 1.
251 2842 363 2902 Furius
379 2841 484 2901 Philus
501 2858 533 2901 et
549 2843 583 2901 C.
601 2845 705 2905 Livius
720 2846 888 2907 Salinator.
933 2849 971 2909 in
990 2848 1099 2909 locum

82 2932 172 2997 Furii
183 2931 222 2990 T.
238 2929 399 2989 Manlium
413 2928 621 3010 Torquatum,
637 2931 675 2997 in
692 2932 772 2995 Livii
778 2935 823 2994 ll
831 2934 1003 2997 Servilium
1015 2954 1095 3019 pon·

82 3022 181 3081 silices
204 3018 375 3100 legerunt.¹

167 3191 236 3250 XII.
259 3188 422 3271 Principio
444 3185 640 3269 insequentis
661 3190 744 3250 anni
760 3212 832 3251 cnm
857 3192 1004 3259 consules
1018 3196 1093 3259 noti

81 3282 122 3357 Q.
146 3275 284 3345 Marcius
311 3290 342 3335 et
371 3276 431 3335 Cn.
457 3274 605 3337 Servilius
632 3274 674 3336 de
700 3278 875 3359 provinciis
904 3270 1104 3359 retulissetis

79 3364 187 3449 primo
200 3378 326 3442 quoque
338 3376 485 3442 tempore
498 3376 552 3420 aut
564 3382 751 3445 comparare
760 3385 812 3425 eos
829 3367 915 3427 inter
929 3368 1104 3437 setuliaur

80 3468 113 3510 et
132 3445 375 3523 Macedoniam,
406 3462 459 3506 aut
477 3444 583 3507 sortiri
601 3448 736 3531 placuit:
767 3453 952 3535 priusquam
971 3456 1008 3517 id
1027 3455 1104 3519 sort·
1135 3443 1139 3540 l

80 3546 246 3607 cerneret,
265 3532 309 3591 'in
322 3533 500 3608 incertum,
523 3554 569 3593 ne
585 3532 663 3615 quid
677 3537 778 3617 gratia
790 3542 949 3603 momenti
960 3540 1091 3622 faceret,

76 3625 116 3689 in
124 3636 292 3703 utramque
304 3618 519 3702 provinciam,
536 3618 621 3702 quod
628 3642 678 3681 res
688 3621 883 3686 desideraret
889 3627 1091 3713 supplemen-

66 3714 111 3791 ti,
134 3708 287 3789 decerni.
333 3706 379 3773 In
391 3703 623 3775 Maurum
633 3708 783 3791 peditum
799 3713 1026 3791 Romanorum
1037 3716 1102 3785 sen·

994 3802 1108 3874 motu,
1133 3777 1139 3818 ⁸
