2354 4140
90 78 95 85 '
291 104 475 165 arnan
503 104 639 167 xxxix.
696 108 782 168 cn.
811 109 904 171 xxx.
1043 114 1117 187 ¹405

508 190 1114 215 mm*

349 212 388 270 u
409 210 445 271 e.
465 210 539 289 567.
621 232 650 271 a.
667 212 705 270 c.
724 213 763 272 n.
789 218 857 283 t85.

91 294 299 311 m
503 296 641 309 ——
644 296 1112 317 -ᾕ-ῄ

183 330 274 393 XXX.
297 328 417 390 Eodem
435 350 523 391 anuo
538 330 573 391 iu
588 330 742 411 Hispania
758 350 919 417 praetores
933 340 965 397 C.
981 340 1110 419 Calpur-

91 416 171 479 nius
190 432 223 473 at
240 416 274 475 L.
284 416 465 493 Quinctius,
488 438 558 476 cum
575 417 680 497 primo
694 440 769 479 vera
784 440 824 479 ex
838 420 982 483 hibernis
997 425 1106 505 copias

92 504 224 565 eductas
239 500 276 561 in
290 503 440 564 Baeturia
457 500 646 585 junxissent,
668 504 705 564 in
721 507 955 587 Carpetaniam,
979 510 1033 569 ubi
1046 511 1103 571 ho·

91 590 188 650 [tium
204 586 304 651 caltra
320 607 430 663 erant,
450 589 598 673 progressi
615 588 704 667 lunt,
727 594 887 653 communi
904 596 1011 657 animo
1027 618 1102 658 con·

90 676 223 760 filioque
240 676 342 755 parati
358 699 427 737 rem
443 699 562 761 gerere.
588 678 679 739 Haud
696 681 807 761 procul
825 680 975 763 Hippone
991 698 1023 743 et
1037 686 1100 745 To·

91 767 158 827 leto
184 763 314 824 urbibus
337 764 425 825 inter
446 766 646 846 pabulatores
669 788 775 848 pugna
798 784 867 826 orta
892 766 944 827 elt.
989 769 1101 849 quibus

91 852 170 915 dum
195 850 346 932 utrinque
363 851 579 913 subvenitura
596 848 721 927 caltris,
746 854 897 935 paulatim
922 874 1032 915 omnes
1052 877 1101 916 co·

91 939 165 1021 piac
179 936 216 997 in
232 937 333 1000 aciem
344 938 476 999 eductae
493 938 575 999 lunt.
601 937 640 998 in
655 960 693 999 eo
708 940 912 1000 tumultuario
927 941 1101 1003 certamine

75 1043 124 1087 'et
139 1028 207 1085 loca
231 1024 285 1086 lua
306 1041 339 1084 et
353 1046 451 1109 genus
466 1045 591 1109 pugnae
613 1030 672 1107 pro
685 1024 774 1087 holte
789 1024 889 1088 fuere.
934 1027 996 1088 duo
1012 1048 1102 1088 exer·

91 1113 174 1174 citus
189 1112 326 1172 Romani
341 1110 401 1173 fufi
418 1130 510 1195 atque
526 1114 564 1173 in
579 1111 677 1173 castra
693 1111 843 1197 compulli
860 1112 940 1174 lunt.
964 1135 1035 1175 non
1050 1114 1099 1175 in-

89 1200 197 1259 stitere
222 1198 369 1278 percuilis
391 1199 503 1261 hostes.
547 1202 709 1261 Praetores
725 1201 885 1277 Romani,
912 1222 956 1261 nc
975 1201 1097 1285 postero

92 1286 144 1347 die
160 1285 260 1349 castra
277 1304 553 1368 oppugnarentur,
571 1284 696 1348 silentio
705 1290 869 1370 proximae
881 1290 985 1349 noctis
1004 1288 1096 1349 tacito

88 1370 175 1455 ligno
194 1374 368 1434 exercitum
387 1372 600 1435 abduxerunt.
643 1376 725 1435 Luce
746 1378 851 1457 prima
866 1375 1000 1458 Hispani
1025 1376 1094 1438 acie

90 1458 239 1522 instructa
261 1459 300 1520 ad
317 1462 432 1521 vallum
454 1458 668 1535 accesserunt,
691 1484 846 1546 saeuaque
861 1480 990 1545 praeter
1006 1460 1095 1545 spem

89 1546 187 1607 castra
203 1546 350 1629 ingressi,
375 1569 457 1623 ‚quae
471 1547 625 1609 derelicta
640 1547 726 1608 inter
745 1565 938 1611 nocturnam
955 1549 1092 1633 trepida-

87 1634 209 1693 tionem
239 1650 347 1707 erant,
376 1633 600 1714 diripuerunt:
639 1632 828 1719 regreslique
849 1636 887 1695 iu
910 1636 960 1697 l'ua
983 1636 1092 1714 castra,

86 1741 203 1801 paucos
218 1718 285 1787 dies
302 1719 416 1799 quietis
438 1717 552 1779 stativis
574 1718 767 1779 manserunt.
812 1724 1030 1784 Romanorum
1046 1723 1090 1785 [ο-

83 1807 293 1882 ciorumque,
322 1805 359 1863 in
374 1806 496 1885 proelio
513 1804 660 1891 fugaque,
682 1805 721 1863 ad
738 1805 878 1885 quinque
893 1810 993 1869 millia
1008 1811 1091 1871 occi·

83 1892 134 1962 la·,
163 1912 294 1970 quorum
311 1888 339 1948 le
354 1890 457 1972 lpoliis
472 1890 574 1951 hostes
597 1907 772 1949 armarunt.
815 1890 893 1951 inde
916 1892 956 1952 ad
969 1897 1090 1977 Tagum

82 1977 207 2039 flumen
232 1974 369 2059 profecti
390 1976 469 2037 lunt.
501 1981 662 2037 Praetores
687 1973 816 2035 interim
835 1979 972 2039 Romani
995 2002 1089 2041 omne

81 2063 117 2124 id
136 2080 258 2144 tempus
275 2061 507 2127 contrahendis
522 2085 562 2125 ex
577 2063 755 2123 civitatibus
770 2060 859 2125 sociis
877 2066 1088 2145 Hispanorum

79 2150 227 2222 auxiliis,
250 2150 490 2233 reficiendisque
507 2153 546 2209 ab
570 2165 694 2210 terrore
709 2148 855 2211 adversae
869 2172 992 2233 pugnae
1009 2149 1089 2210 mili-

79 2254 149 2299 tum
166 2238 301 2313 animis,
321 2235 569 2298 consumserunt.
614 2237 666 2295 ubi
683 2234 751 2296 latis
768 2239 914 2317 placuere
931 2238 1027 2313 vires,
1055 2254 1089 2299 ct

79 2326 142 2403 jam
160 2326 250 2385 miles
272 2345 414 2404 elisoque,
441 2322 481 2382 ad
504 2322 674 2383 delendam
696 2324 838 2407 priorem
862 2323 1086 2409 ignominiam,

78 2409 379 2495 holtempolceba13
403 2408 573 2487 duodecim
598 2409 696 2470 millia
714 2408 852 2491 passuum
875 2414 916 2471 'ab
931 2414 1015 2497 Tago
1028 2411 1085 2473 flu·

78 2499 169 2559 mine
182 2497 352 2578 posuerunt
367 2497 475 2558 castra.
509 2496 589 2559 inde
611 2499 704 2573 tertia
720 2498 823 2581 vigilia
841 2497 966 2560 sublatis
981 2498 1084 2585 lignis,

62 2584 229 2667 uquadrato
245 2584 550 2669 agminepriucipio
569 2584 647 2645 lucis
661 2584 701 2643 ad
718 2585 797 2667 Tagi
811 2586 913 2669 ripam
931 2609 1083 2665 pervene-

64 2666 163 2733 runt.
209 2672 314 2731 Trans
331 2670 458 2731 fluvium
473 2671 512 2735 iu
528 2673 609 2733 colle
624 2670 757 2733 hostium
775 2672 872 2734 castra
897 2691 999 2736 erant.
1028 2697 1082 2735 ex·

75 2760 215 2839 templo,
244 2780 304 2839 qua
321 2756 440 2821 duobus
455 2759 534 2819 locis
557 2759 634 2818 vada
651 2759 790 2820 nudabat
803 2761 924 2836 amnis,
952 2761 1083 2823 dextere

70 2858 168 2927 parte
189 2846 400 2923 Calpurnius,
436 2845 523 2906 laeva
547 2846 714 2927 Quinctius
741 2850 915 2909 exercitum
937 2849 1082 2909 traduxe-

73 2944 177 3009 manv,
211 2933 319 3017 quieto
342 2932 451 3007 hoste,
484 2932 559 2993 dum
583 2934 718 2993 miratur
741 2932 874 2995 lubitum
897 2934 1081 3010 adrentum,

70 3014 303 3100 consultatque,
316 3022 372 3103 qui
389 3020 557 3095 tumultum
574 3019 709 3102 injicere
718 3020 951 3101 trepidantibus
968 3020 1079 3102 iniplo

69 3104 214 3169 transitu
228 3105 331 3167 amnis
349 3104 503 3187 potuisset.
550 3106 682 3167 interim
700 3105 848 3180 Romani,
868 3104 1080 3186 impedimen.

68 3194 110 3261 tis
122 3213 249 3275 quoque
271 3195 417 3253 omnibus
437 3192 595 3267 traductis
612 3192 843 3273 contractisque
866 3192 903 3251 in
918 3212 1017 3252 unum
1034 3194 1079 3255 lo·

70 3280 159 3353 eutis,
188 3278 262 3357 quia
283 3279 345 3360 iam
372 3280 495 3355 moseri
521 3277 673 3340 videbant
695 3277 835 3353 hostem,
862 3299 924 3339 nec
945 3277 1076 3361 spatium
1127 3316 1130 3321 f

71 3362 253 3427 erasmum
267 3365 528 3443 communiendi,
548 3366 647 3424 aciem
662 3362 894 3425 instruxerunt.
924 3366 961 3426 in
970 3369 1077 3429 medio

65 3452 194 3535 locatae
208 3450 325 3533 quinta
340 3451 509 3530 Calpurnii
525 3450 608 3533 legio
625 3468 657 3510 et
670 3469 777 3513 octava
792 3453 948 3529 Quinctii.
977 3454 1011 3514 id
1027 3479 1077 3517 ro·

65 3540 130 3613 ltu-r
146 3554 215 3601 tuto
230 3536 374 3599 exercitu
397 3552 475 3599 erat.
520 3538 672 3617 Campum
689 3552 833 3619 apertum
851 3542 1006 3623 usquead
1022 3542 1078 3605 ho·

64 3622 162 3705 faigm
180 3618 281 3704 casira
296 3624 477 3699 habebant„
494 3620 662 3683 libaruma
679 3641 764 3684 metu
779 3622 976 3689 insidiarum.

572 3796 625 3859 Cu
648 3800 670 3867 3
971 3798 1080 3861 XXXls

99 3848 200 3909 'ilfi
