2348 4148
95 344 246 427 quaginta
262 358 362 424 capta.
396 342 542 423 LigureS,
556 340 708 421 reliquiae
724 335 847 411 caedis,
866 336 905 397 in
922 350 1047 409 montet
1059 356 1104 395 re-

95 426 396 512 fugerunt'paslim:
424 427 654 509 populantique
678 421 867 506 cunpest'res
881 442 978 505 agros
994 420 1101 485 consuli

96 517 189 577 nulla
200 536 332 595 usquam
348 530 566 596 apparuerunt
581 534 678 571 arma.
702 508 868 585 Claudius,
887 508 1032 569 duarum
1041 526 1101 591 gep-

96 604 179 663 tium
193 622 260 662 uno
277 622 368 663 anno
383 602 499 676 victor,
523 598 659 675 duabus,
681 597 768 679 quod
778 618 852 657 raro
865 597 968 673 alius,
990 596 1030 657 iu
1040 616 1100 657 con·

97 690 197 752 sulatu
213 690 331 771 pacatis
347 688 538 771 provinciiS,
560 687 699 769 Romam
711 684 852 746 revertit.

182 863 268 921 XIII.
304 860 449 945 Prodigia
471 880 509 919 eo
531 880 621 920 anno
644 859 802 919 nuntiata.
845 857 885 919 iu
906 853 1103 917 crustumio

97 968 189 1011 avem
211 948 393 1030 langualem
416 950 526 1029 (quam
549 946 681 1021 vocant)
700 943 824 1005 sacrum
843 942 994 1026 lapidem
1016 939 1101 1001 rostro

95 1034 253 1095 cecidisse.
276 1036 394 1094 Bovem
411 1036 447 1093 in
461 1034 637 1117 Campania
648 1034 796 1091 locutum.
820 1034 965 1105 Vaccam
980 1046 1103 1089 aenean

96 1120 253 1199 Syracufis
267 1124 307 1180 ab
322 1119 432 1201 agresti
446 1136 552 1195 tauro,
575 1121 629 1203 qui
640 1140 755 1201 pecore
769 1115 965 1192 aberrasset,
989 1111 1101 1191 initam,

97 1229 135 1265 ac
161 1206 283 1267 semine
314 1206 479 1287 aspersam.
532 1208 573 1266 In
596 1205 797 1267 Crustumino
830 1204 919 1265 diem
945 1224 1053 1262 unum
1070 1201 1102 1261 iu

95 1291 165 1375 ipso
188 1295 257 1351 loco
278 1292 460 1375 supplicatio
479 1290 559 1353 suit:
605 1310 638 1353 et
654 1294 692 1354 in
714 1293 892 1375 Campania
913 1293 976 1351 bos
998 1282 1101 1349 alenda

13 1388 19 1406 ¹
96 1380 224 1461 publice
253 1376 340 1438 data:
387 1378 678 1461 Syracusanumque
711 1378 894 1463 prodigium
929 1363 1098 1458 expiaturi,

97 1463 191 1526 editis
212 1466 252 1523 ab
267 1463 483 1548 haruspicibus
497 1464 589 1544 Diis,
615 1468 727 1549 quibus
744 1465 991 1549 supplicaretur.
1032 1462 1096 1521 Pon·-

96 1547 178 1611 tilex
201 1571 239 1610 eo
264 1572 352 1611 anno
371 1569 513 1612 mortuus
535 1552 578 1613 est
600 1557 643 1615 M.
667 1552 816 1615 Claudius
833 1552 1024 1624 Marcellus,
1046 1542 1090 1625 qus

97 1634 208 1697 consul
222 1637 397 1719 censorque
410 1637 523 1700 luerat.
551 1643 590 1701 in
606 1642 672 1725 ejus
686 1643 790 1701 locum
802 1637 959 1700 suffectus
977 1634 1086 1715 estpot-

96 1722 178 1783 tifex
197 1723 360 1809 liliusejus
380 1726 618 1801 M.,Marcellus.
651 1744 682 1788 et
702 1730 826 1788 Lunam
849 1716 1085 1795 coloniarum

95 1830 186 1871 anno
219 1810 282 1872 duo
317 1813 418 1873 millia
452 1817 569 1876 civium
596 1818 817 1877 Romanorum
849 1811 927 1873 sunt
966 1804 1087 1869 deducta.

96 1899 274 1961 Triumviri
294 1898 515 1980 deduxerunt,
528 1902 530 1907 ’
543 1906 576 1963 P·
591 1901 719 1978 Aelius,
747 1904 780 1965 L.
796 1899 934 1983 Egilius,
961 1898 1021 1957 Cu.
1034 1889 1090 1955 Siti·
1141 1884 1143 1890 ¹

94 1987 180 2047 nius.
222 1980 450 2069 quinquageni
471 2005 503 2049 et
522 1990 643 2073 fingula
661 1989 770 2072 jugera
779 2003 816 2054 ,ct
834 1984 980 2047 semisses
993 1977 1093 2129 “giris

95 2071 233 2155 singulos
253 2072 319 2133 dati
339 2071 422 2133 sunt.
451 2074 491 2136 de
504 2079 625 2161 Ligure·
639 2094 748 2159 captus
762 2077 789 2136 is
804 2090 975 2157 agereret.
1085 2100 1094 2113 ·

94 2159 220 2219 lcorum
233 2174 325 2236 ante,
353 2182 446 2242 quam
462 2164 627 2247 Ligurum,
658 2160 770 2223 suerat.
813 2164 846 2221 C.
864 2158 1020 2221 Claudius
1033 2154 1112 2224 cunr

93 2247 143 2306 sul
159 2246 200 2307 ad
215 2249 328 2305 urbem
340 2249 445 2309 venit:
461 2252 524 2327 cui,
541 2250 614 2310 c'nm
626 2249 663 2308 in
676 2249 787 2310 senatu
801 2246 840 2307 tle
855 2249 955 2306 rebus
969 2242 1008 2307 fit
1017 2239 1096 2307 Istri²

93 2335 321 2414 Liguribusque
347 2332 496 2416 prospere
512 2338 602 2421 gestis
623 2334 826 2411 disseruisset,
855 2331 1032 2416 postulanti
1049 2326 1096 2387 tri-

93 2419 233 2501 umphus
248 2418 292 2479 est
305 2418 460 2482 decretus.
504 2423 710 2506 triumphavit
723 2424 762 2482 in
773 2420 958 2503 magistratu
973 2418 1015 2479 de
1031 2413 1096 2477 dua·

91 2509 151 2565 bus
165 2505 256 2565 simul
271 2506 426 2587 gentibus.
469 2512 556 2571 Tulit
570 2511 608 2571 in
624 2530 662 2571 eo
676 2510 838 2593 triumpho
855 2505 1032 2567 denarium
1043 2520 1097 2562 tre·

92 2608 189 2657 centa
206 2590 326 2672 septem
350 2590 467 2669 millia,
503 2614 535 2656 et
554 2599 752 2658 victoriatum
779 2594 1098 2678 octogintaquinque

90 2678 193 2737 millia
207 2677 421 2759 septingentos
437 2679 525 2742 duce.
547 2686 698 2745 militibus
712 2686 750 2755 in
765 2682 900 2767 singulos
915 2680 1013 2762 quini
1027 2676 1099 2739 deni

90 2763 219 2823 denarii
235 2760 315 2822 dati:
346 2762 465 2847 duplex
488 2772 688 2847 centurioni,
714 2772 831 2853 triplex
851 2767 962 2847 equiti.
1007 2764 1100 2829 meite

73 2848 226 2937 'dimidio
253 2850 378 2926 minus,
412 2876 508 2934 quam
527 2852 663 2933 civibus,
699 2858 815 2918 tlatum.
865 2851 1100 2936 itaque-taciti,

80 2951 126 2997 'ut
138 2939 235 2999 iratos
251 2934 314 2998 esse
329 2932 480 3018 sentires,
507 2942 604 3004 secuti
617 2943 692 3005 sunt
704 2963 842 3005 currum.

173 3113 257 3173 XIV.
282 3111 374 3175 Dum
386 3115 414 3175 is
429 3117 608 3201 triumphus
624 3116 843 3202 ‹le-Liguribus
860 3119 1033 3198 agebatur,
1056 3118 1101 3179 Li·

85 3220 195 3281 gures,
217 3199 381 3283 postquam
393 3200 578 3295 senserunt,
601 3226 672 3267 non
688 3205 887 3266 consularem
903 3219 1037 3273 tantum
1052 3224 1102 3275 ex?

86 3287 222 3382 emitum
236 3288 374 3349 Romam
391 3289 579 3367 abductum,
627 3291 684 3351 sed
703 3290 864 3375 legionem
886 3294 926 3350 ab
942 3292 995 3352 Ti.
1011 3292 1101 3353 Clau

84 3368 140 3429 ὼο
163 3369 236 3431 Pius
257 3371 429 3452 dimissam,
457 3378 548 3439 soluti
570 3396 675 3455 metu,
702 3380 785 3439 olam
800 3380 943 3441 exercitu
962 3376 1100 3455 indicto.

82 3477 145 3539 per
163 3460 357 3521 transversos
379 3464 494 3526 limites
508 3464 668 3548 superatis
688 3468 867 3541 montibus,
903 3465 945 3525 in
967 3486 1101 3550 camptu
1141 3484 1143 3501 ¹

83 3540 237 3643 degressi,
254 3565 362 3626 agrum
373 3551 592 3613 Mutinensem
604 3555 759 3636 populati,
782 3549 959 3637 repentino
973 3552 1100 3638 impetu
1141 3616 1143 3625 ,

82 3631 245 3691 colomam
265 3631 365 3713 ipsam
388 3656 553 3718 ceperunt.
594 3638 633 3699 ld
651 3642 707 3702 ubi
727 3643 863 3701 Romam
886 3640 1024 3700 allatum
1044 3636 1096 3716 est,

74 3717 207 3785 senatus
238 3717 470 3789 C..,Claudium
493 3724 661 3791 consulem
680 3728 807 3799 comitia
830 3727 1098 3813 prino-quoque

1024 3831 1101 3873 &bm-
