<?xml version="1.0" encoding="UTF-8"?>
<!DOCTYPE html PUBLIC "-//W3C//DTD XHTML 1.0 Transitional//EN"
    "http://www.w3.org/TR/xhtml1/DTD/xhtml1-transitional.dtd">
<html xmlns="http://www.w3.org/1999/xhtml" xml:lang="en" lang="en">
 <head>
  <title>
</title>
<meta http-equiv="Content-Type" content="text/html;charset=utf-8" />
  <meta name='ocr-system' content='tesseract 3.04.00' />
  <meta name='ocr-capabilities' content='ocr_page ocr_carea ocr_par ocr_line ocrx_word'/>
</head>
<body>
  <div class='ocr_page' id='page_1' title='image "./historiarumlibr01livygoog_0344.png"; bbox 0 0 2354 4140; ppageno 0'>
   <div class='ocr_carea' id='block_1_1' title="bbox 218 76 1116 335">
    <p class='ocr_par' dir='ltr' id='par_1_1' title="bbox 218 76 1116 335">
     <span class='ocr_line' id='line_1_1' title="bbox 218 76 1114 225; baseline -0.028 -40"><span class='ocrx_word' id='word_1_1' title='bbox 218 76 385 184; x_wconf 30' lang='lat' dir='ltr'><strong>‘titana</strong></span> <span class='ocrx_word' id='word_1_2' title='bbox 406 106 715 225; x_wconf 52' lang='lat' dir='ltr'><strong>XXXYQ,</strong></span> <span class='ocrx_word' id='word_1_3' title='bbox 732 124 842 187; x_wconf 71' lang='grc' dir='ltr'><strong>χχχι,</strong></span> <span class='ocrx_word' id='word_1_4' title='bbox 860 126 988 197; x_wconf 56' lang='lat' dir='ltr'><strong>xxm,</strong></span> <span class='ocrx_word' id='word_1_5' title='bbox 1049 130 1114 206; x_wconf 61' lang='lat' dir='ltr'><strong>&amp;itt</strong></span> 
     </span>
     <span class='ocr_line' id='line_1_2' title="bbox 297 230 1116 335; baseline -0.04 -29"><span class='ocrx_word' id='word_1_6' title='bbox 297 230 338 290; x_wconf 78' lang='lat' dir='ltr'><strong>U·</strong></span> <span class='ocrx_word' id='word_1_7' title='bbox 361 230 396 288; x_wconf 73' lang='lat' dir='ltr'><strong>C·</strong></span> <span class='ocrx_word' id='word_1_8' title='bbox 416 232 492 301; x_wconf 77' lang='lat'>563.</span> <span class='ocrx_word' id='word_1_9' title='bbox 667 230 1116 335; x_wconf 49' lang='lat' dir='ltr'><strong>.a.Q:-—-</strong></span> 
     </span>
    </p>
   </div>
   <div class='ocr_carea' id='block_1_2' title="bbox 72 310 1156 2342">
    <p class='ocr_par' dir='ltr' id='par_1_2' title="bbox 90 310 1156 1128">
     <span class='ocr_line' id='line_1_3' title="bbox 93 310 708 337; baseline 0.002 -9"><span class='ocrx_word' id='word_1_10' title='bbox 93 310 708 337; x_wconf 73' lang='grc'><em>...-.---.....-.-,.-.,.....</em></span> 
     </span>
     <span class='ocr_line' id='line_1_4' title="bbox 93 344 1116 437; baseline 0.002 -24"><span class='ocrx_word' id='word_1_11' title='bbox 93 371 173 433; x_wconf 89' lang='lat' dir='ltr'><strong>opes</strong></span> <span class='ocrx_word' id='word_1_12' title='bbox 198 347 231 409; x_wconf 83' lang='lat' dir='ltr'><strong>&#39;et</strong></span> <span class='ocrx_word' id='word_1_13' title='bbox 250 351 470 431; x_wconf 80' lang='lat' dir='ltr'><strong>auctoritatem</strong></span> <span class='ocrx_word' id='word_1_14' title='bbox 484 346 826 427; x_wconf 77' lang='lat' dir='ltr'><strong>Lacedaemoniorum,</strong></span> <span class='ocrx_word' id='word_1_15' title='bbox 853 344 1027 419; x_wconf 78' lang='lat' dir='ltr'><strong>concilium</strong></span> <span class='ocrx_word' id='word_1_16' title='bbox 1041 372 1116 437; x_wconf 80' lang='lat' dir='ltr'><strong>qua·</strong></span> 
     </span>
     <span class='ocr_line' id='line_1_5' title="bbox 93 430 1156 517; baseline -0.001 -19"><span class='ocrx_word' id='word_1_17' title='bbox 93 437 244 498; x_wconf 83' lang='lat' dir='ltr'><strong>rentibus</strong></span> <span class='ocrx_word' id='word_1_18' title='bbox 258 433 357 497; x_wconf 84' lang='lat' dir='ltr'><strong>dedit.</strong></span> <span class='ocrx_word' id='word_1_19' title='bbox 392 434 646 517; x_wconf 77' lang='lat' dir='ltr'><strong>decretumque,</strong></span> <span class='ocrx_word' id='word_1_20' title='bbox 666 458 703 495; x_wconf 89' lang='lat' dir='ltr'><strong>eo</strong></span> <span class='ocrx_word' id='word_1_21' title='bbox 719 436 902 517; x_wconf 80' lang='lat' dir='ltr'><strong>referente,</strong></span> <span class='ocrx_word' id='word_1_22' title='bbox 918 430 1039 503; x_wconf 70' lang='lat' dir='ltr'><strong>factumi</strong></span> <span class='ocrx_word' id='word_1_23' title='bbox 1055 438 1129 515; x_wconf 57' lang='lat' dir='ltr'><strong>esa.</strong></span> <span class='ocrx_word' id='word_1_24' title='bbox 1152 446 1156 459; x_wconf 86' lang='lat'><em>¹</em></span> 
     </span>
     <span class='ocr_line' id='line_1_6' title="bbox 98 518 1115 611; baseline 0.002 -26"><span class='ocrx_word' id='word_1_25' title='bbox 98 522 174 586; x_wconf 84' lang='lat' dir='ltr'><strong>Cum</strong></span> <span class='ocrx_word' id='word_1_26' title='bbox 198 522 230 583; x_wconf 85' lang='lat' dir='ltr'><strong>ia</strong></span> <span class='ocrx_word' id='word_1_27' title='bbox 247 518 337 602; x_wconf 75' lang='lat' dir='ltr'><strong>fidem</strong></span> <span class='ocrx_word' id='word_1_28' title='bbox 361 518 545 585; x_wconf 72' lang='lat' dir='ltr'><strong>Actaeorum</strong></span> <span class='ocrx_word' id='word_1_29' title='bbox 566 520 742 604; x_wconf 72' lang='lat' dir='ltr'><em>tutelamque</em></span> <span class='ocrx_word' id='word_1_30' title='bbox 770 520 805 584; x_wconf 76' lang='lat' dir='ltr'><strong>T.</strong></span> <span class='ocrx_word' id='word_1_31' title='bbox 828 523 986 611; x_wconf 74' lang='lat' dir='ltr'><strong><em>Quinctius</em></strong></span> <span class='ocrx_word' id='word_1_32' title='bbox 1007 546 1037 587; x_wconf 81' lang='lat' dir='ltr'><strong>er</strong></span> <span class='ocrx_word' id='word_1_33' title='bbox 1059 522 1115 587; x_wconf 84' lang='lat' dir='ltr'><strong>Ro·</strong></span> 
     </span>
     <span class='ocr_line' id='line_1_7' title="bbox 93 606 1132 691; baseline 0.001 -19"><span class='ocrx_word' id='word_1_34' title='bbox 93 614 173 672; x_wconf 75' lang='lat' dir='ltr'><strong>mi</strong></span> <span class='ocrx_word' id='word_1_35' title='bbox 189 608 345 675; x_wconf 75' lang='lat' dir='ltr'><strong>laconicae</strong></span> <span class='ocrx_word' id='word_1_36' title='bbox 368 629 438 675; x_wconf 78' lang='lat' dir='ltr'><strong>orae</strong></span> <span class='ocrx_word' id='word_1_37' title='bbox 458 606 568 685; x_wconf 78' lang='lat' dir='ltr'><strong>castella</strong></span> <span class='ocrx_word' id='word_1_38' title='bbox 592 628 622 669; x_wconf 82' lang='lat' dir='ltr'><strong>et</strong></span> <span class='ocrx_word' id='word_1_39' title='bbox 643 612 722 669; x_wconf 83' lang='lat' dir='ltr'><strong>vicos</strong></span> <span class='ocrx_word' id='word_1_40' title='bbox 744 610 1028 691; x_wconf 58' lang='lat' dir='ltr'><strong>tradidissent,..et,</strong></span> <span class='ocrx_word' id='word_1_41' title='bbox 1051 630 1132 673; x_wconf 68' lang='lat' dir='ltr'><strong>cun·</strong></span> 
     </span>
     <span class='ocr_line' id='line_1_8' title="bbox 93 690 1115 777; baseline 0 -18"><span class='ocrx_word' id='word_1_42' title='bbox 93 696 241 773; x_wconf 65' lang='lat' dir='ltr'><strong>abitinere</strong></span> <span class='ocrx_word' id='word_1_43' title='bbox 264 693 312 755; x_wconf 81' lang='lat' dir='ltr'><strong>lais</strong></span> <span class='ocrx_word' id='word_1_44' title='bbox 335 717 372 755; x_wconf 79' lang='lat' dir='ltr'><strong>ex</strong></span> <span class='ocrx_word' id='word_1_45' title='bbox 385 693 517 777; x_wconf 75' lang='lat' dir='ltr'><strong>foedere¹</strong></span> <span class='ocrx_word' id='word_1_46' title='bbox 535 690 751 757; x_wconf 76' lang='lat' dir='ltr'><strong>lacedaemonii</strong></span> <span class='ocrx_word' id='word_1_47' title='bbox 772 696 928 773; x_wconf 79' lang='lat' dir='ltr'><strong>deberem,</strong></span> <span class='ocrx_word' id='word_1_48' title='bbox 953 697 1012 759; x_wconf 81' lang='lat' dir='ltr'><strong>Las</strong></span> <span class='ocrx_word' id='word_1_49' title='bbox 1032 701 1115 759; x_wconf 77' lang='lat' dir='ltr'><strong>vitus</strong></span> 
     </span>
     <span class='ocr_line' id='line_1_9' title="bbox 96 780 1115 869; baseline -0.001 -23"><span class='ocrx_word' id='word_1_50' title='bbox 96 801 289 868; x_wconf 78' lang='lat' dir='ltr'><strong>oppugnatus</strong></span> <span class='ocrx_word' id='word_1_51' title='bbox 313 780 397 863; x_wconf 75' lang='lat' dir='ltr'><strong>effer,</strong></span> <span class='ocrx_word' id='word_1_52' title='bbox 428 782 583 865; x_wconf 77' lang='lat' dir='ltr'><em>caedesque</em></span> <span class='ocrx_word' id='word_1_53' title='bbox 606 781 646 843; x_wconf 77' lang='lat' dir='ltr'><strong>iti</strong></span> <span class='ocrx_word' id='word_1_54' title='bbox 661 782 767 864; x_wconf 60' lang='lat' dir='ltr'><strong>factm·</strong></span> <span class='ocrx_word' id='word_1_55' title='bbox 811 789 865 866; x_wconf 74' lang='lat' dir='ltr'><strong>qai</strong></span> <span class='ocrx_word' id='word_1_56' title='bbox 879 786 943 869; x_wconf 78' lang='lat' dir='ltr'><strong>ejus</strong></span> <span class='ocrx_word' id='word_1_57' title='bbox 956 789 1003 845; x_wconf 85' lang='lat' dir='ltr'><strong>rei</strong></span> <span class='ocrx_word' id='word_1_58' title='bbox 1016 802 1115 845; x_wconf 77' lang='lat' dir='ltr'><strong>aucto·</strong></span> 
     </span>
     <span class='ocr_line' id='line_1_10' title="bbox 97 866 1118 951; baseline 0 -20"><span class='ocrx_word' id='word_1_59' title='bbox 97 866 329 951; x_wconf 75' lang='lat' dir='ltr'><strong>retaffiarsque</strong></span> <span class='ocrx_word' id='word_1_60' title='bbox 353 868 460 951; x_wconf 79' lang='lat' dir='ltr'><strong>effem,</strong></span> <span class='ocrx_word' id='word_1_61' title='bbox 504 866 559 941; x_wconf 82' lang='lat' dir='ltr'><strong>nifi</strong></span> <span class='ocrx_word' id='word_1_62' title='bbox 589 868 774 931; x_wconf 60' lang='lat' dir='ltr'><strong>dederentur*</strong></span> <span class='ocrx_word' id='word_1_63' title='bbox 794 868 937 947; x_wconf 71' lang='lat' dir='ltr'><strong>Achaeis,</strong></span> <span class='ocrx_word' id='word_1_64' title='bbox 979 870 1118 932; x_wconf 74' lang='lat' dir='ltr'><strong>violatam</strong></span> 
     </span>
     <span class='ocr_line' id='line_1_11' title="bbox 96 947 1116 1042; baseline -0.002 -25"><span class='ocrx_word' id='word_1_65' title='bbox 96 955 198 1021; x_wconf 74' lang='lat' dir='ltr'><strong>vileri</strong></span> <span class='ocrx_word' id='word_1_66' title='bbox 213 947 332 1037; x_wconf 66' lang='lat' dir='ltr'><strong>foedis.</strong></span> <span class='ocrx_word' id='word_1_67' title='bbox 376 952 431 1017; x_wconf 82' lang='lat' dir='ltr'><strong>Ad</strong></span> <span class='ocrx_word' id='word_1_68' title='bbox 453 954 670 1039; x_wconf 81' lang='lat' dir='ltr'><strong>exposcendos</strong></span> <span class='ocrx_word' id='word_1_69' title='bbox 692 978 746 1018; x_wconf 89' lang='lat' dir='ltr'><strong>eos</strong></span> <span class='ocrx_word' id='word_1_70' title='bbox 766 958 860 1042; x_wconf 81' lang='lat' dir='ltr'><strong>legati</strong></span> <span class='ocrx_word' id='word_1_71' title='bbox 876 958 1037 1039; x_wconf 85' lang='lat' dir='ltr'><strong>extemplo</strong></span> <span class='ocrx_word' id='word_1_72' title='bbox 1061 958 1116 1017; x_wconf 83' lang='lat' dir='ltr'><strong>La·</strong></span> 
     </span>
     <span class='ocr_line' id='line_1_12' title="bbox 90 1042 1118 1128; baseline 0 -23"><span class='ocrx_word' id='word_1_73' title='bbox 90 1044 330 1105; x_wconf 85' lang='lat' dir='ltr'><strong>&#39;cedacmonem</strong></span> <span class='ocrx_word' id='word_1_74' title='bbox 344 1042 522 1104; x_wconf 85' lang='lat' dir='ltr'><strong>missisunt.</strong></span> <span class='ocrx_word' id='word_1_75' title='bbox 569 1042 608 1103; x_wconf 90' lang='lat' dir='ltr'><strong>Id</strong></span> <span class='ocrx_word' id='word_1_76' title='bbox 622 1045 792 1128; x_wconf 87' lang='lat' dir='ltr'><strong>imperium</strong></span> <span class='ocrx_word' id='word_1_77' title='bbox 809 1044 891 1107; x_wconf 91' lang='lat' dir='ltr'><strong>adeo</strong></span> <span class='ocrx_word' id='word_1_78' title='bbox 906 1044 1118 1128; x_wconf 86' lang='lat' dir='ltr'><strong>snperbumet</strong></span> 
     </span>
    </p>

    <p class='ocr_par' dir='ltr' id='par_1_3' title="bbox 72 1129 1118 1483">
     <span class='ocr_line' id='line_1_13' title="bbox 72 1129 1115 1216; baseline -0.004 -21"><span class='ocrx_word' id='word_1_79' title='bbox 72 1131 273 1216; x_wconf 79' lang='lat' dir='ltr'><strong>indignum</strong></span> <span class='ocrx_word' id='word_1_80' title='bbox 288 1130 549 1210; x_wconf 67' lang='lat' dir='ltr'><strong>Lacedaemoniis</strong></span> <span class='ocrx_word' id='word_1_81' title='bbox 562 1129 660 1193; x_wconf 81' lang='lat' dir='ltr'><strong>visum</strong></span> <span class='ocrx_word' id='word_1_82' title='bbox 683 1130 744 1207; x_wconf 89' lang='lat' dir='ltr'><strong>est,</strong></span> <span class='ocrx_word' id='word_1_83' title='bbox 768 1149 819 1209; x_wconf 87' lang='lat' dir='ltr'><strong>ut,</strong></span> <span class='ocrx_word' id='word_1_84' title='bbox 848 1131 872 1193; x_wconf 82' lang='lat' dir='ltr'><strong>st</strong></span> <span class='ocrx_word' id='word_1_85' title='bbox 895 1134 1026 1214; x_wconf 87' lang='lat' dir='ltr'><strong>antiqua</strong></span> <span class='ocrx_word' id='word_1_86' title='bbox 1042 1132 1115 1191; x_wconf 80' lang='lat' dir='ltr'><strong>ciui-</strong></span> 
     </span>
     <span class='ocr_line' id='line_1_14' title="bbox 97 1214 1117 1303; baseline 0 -24"><span class='ocrx_word' id='word_1_87' title='bbox 97 1214 171 1283; x_wconf 85' lang='lat' dir='ltr'><strong>tatis</strong></span> <span class='ocrx_word' id='word_1_88' title='bbox 189 1214 325 1279; x_wconf 65' lang='lat' dir='ltr'><strong>&#39;fortuna</strong></span> <span class='ocrx_word' id='word_1_89' title='bbox 348 1217 443 1294; x_wconf 86' lang='lat' dir='ltr'><strong>esset,</strong></span> <span class='ocrx_word' id='word_1_90' title='bbox 472 1216 560 1278; x_wconf 87' lang='lat' dir='ltr'><strong>haud</strong></span> <span class='ocrx_word' id='word_1_91' title='bbox 582 1218 678 1280; x_wconf 89' lang='lat' dir='ltr'><strong>dubie</strong></span> <span class='ocrx_word' id='word_1_92' title='bbox 699 1240 789 1278; x_wconf 87' lang='lat' dir='ltr'><strong>arma</strong></span> <span class='ocrx_word' id='word_1_93' title='bbox 810 1222 972 1303; x_wconf 84' lang='lat' dir='ltr'><strong>extemplo</strong></span> <span class='ocrx_word' id='word_1_94' title='bbox 992 1214 1117 1300; x_wconf 79' lang='lat' dir='ltr'><strong>capturi</strong></span> 
     </span>
     <span class='ocr_line' id='line_1_15' title="bbox 98 1292 1117 1381; baseline -0.004 -14"><span class='ocrx_word' id='word_1_95' title='bbox 98 1305 231 1367; x_wconf 84' lang='lat' dir='ltr'><strong>fuerint.</strong></span> <span class='ocrx_word' id='word_1_96' title='bbox 276 1305 415 1367; x_wconf 84' lang='lat' dir='ltr'><strong>maxime</strong></span> <span class='ocrx_word' id='word_1_97' title='bbox 429 1321 536 1367; x_wconf 86' lang='lat' dir='ltr'><strong>autem</strong></span> <span class='ocrx_word' id='word_1_98' title='bbox 552 1305 769 1369; x_wconf 85' lang='lat' dir='ltr'><strong>consternavit</strong></span> <span class='ocrx_word' id='word_1_99' title='bbox 784 1328 838 1368; x_wconf 87' lang='lat' dir='ltr'><strong>eos</strong></span> <span class='ocrx_word' id='word_1_100' title='bbox 853 1292 1003 1381; x_wconf 61' lang='lat' dir='ltr'><strong>mentali</strong></span> <span class='ocrx_word' id='word_1_101' title='bbox 1018 1304 1117 1365; x_wconf 84' lang='lat' dir='ltr'><strong>semol</strong></span> 
     </span>
     <span class='ocr_line' id='line_1_16' title="bbox 98 1388 1118 1483; baseline -0.002 -31"><span class='ocrx_word' id='word_1_102' title='bbox 98 1394 213 1477; x_wconf 89' lang='lat' dir='ltr'><strong>primis</strong></span> <span class='ocrx_word' id='word_1_103' title='bbox 232 1392 375 1477; x_wconf 81' lang='lat' dir='ltr'><strong>imperiis</strong></span> <span class='ocrx_word' id='word_1_104' title='bbox 407 1391 590 1461; x_wconf 84' lang='lat' dir='ltr'><strong>obediendo</strong></span> <span class='ocrx_word' id='word_1_105' title='bbox 618 1394 726 1483; x_wconf 78' lang='lat' dir='ltr'><strong>jugum</strong></span> <span class='ocrx_word' id='word_1_106' title='bbox 749 1393 959 1476; x_wconf 75' lang='lat' dir='ltr'>accepissent,</span> <span class='ocrx_word' id='word_1_107' title='bbox 990 1412 1052 1467; x_wconf 91' lang='lat' dir='ltr'><strong>ne,</strong></span> <span class='ocrx_word' id='word_1_108' title='bbox 1080 1388 1118 1451; x_wconf 90' lang='lat' dir='ltr'><strong>id</strong></span> 
     </span>
    </p>

    <p class='ocr_par' dir='ltr' id='par_1_4' title="bbox 82 1476 1118 2342">
     <span class='ocr_line' id='line_1_17' title="bbox 82 1476 1116 1563; baseline -0.002 -24"><span class='ocrx_word' id='word_1_109' title='bbox 82 1478 186 1563; x_wconf 85' lang='lat' dir='ltr'><strong>&#39;quod</strong></span> <span class='ocrx_word' id='word_1_110' title='bbox 203 1480 337 1563; x_wconf 85' lang='lat' dir='ltr'><strong>jamdiu</strong></span> <span class='ocrx_word' id='word_1_111' title='bbox 351 1480 528 1555; x_wconf 79' lang='lat' dir='ltr'><strong>moliretur,</strong></span> <span class='ocrx_word' id='word_1_112' title='bbox 538 1480 768 1563; x_wconf 82' lang='lat' dir='ltr'><strong>Philopoemen</strong></span> <span class='ocrx_word' id='word_1_113' title='bbox 785 1480 943 1541; x_wconf 85' lang='lat' dir='ltr'><strong>exsulibus</strong></span> <span class='ocrx_word' id='word_1_114' title='bbox 961 1476 1116 1541; x_wconf 78' lang='lat' dir='ltr'><strong>Lacedae-</strong></span> 
     </span>
     <span class='ocr_line' id='line_1_18' title="bbox 99 1565 1115 1649; baseline -0.001 -23"><span class='ocrx_word' id='word_1_115' title='bbox 99 1589 232 1645; x_wconf 83' lang='lat' dir='ltr'><strong>monem</strong></span> <span class='ocrx_word' id='word_1_116' title='bbox 243 1567 394 1628; x_wconf 84' lang='lat' dir='ltr'><strong>traderet.</strong></span> <span class='ocrx_word' id='word_1_117' title='bbox 439 1568 596 1626; x_wconf 81' lang='lat' dir='ltr'><strong>Parentes</strong></span> <span class='ocrx_word' id='word_1_118' title='bbox 612 1567 705 1649; x_wconf 86' lang='lat' dir='ltr'><strong>igitur</strong></span> <span class='ocrx_word' id='word_1_119' title='bbox 720 1568 796 1643; x_wconf 77' lang='lat' dir='ltr'><strong>ira,</strong></span> <span class='ocrx_word' id='word_1_120' title='bbox 819 1566 949 1649; x_wconf 72' lang='lat' dir='ltr'><strong>triginta</strong></span> <span class='ocrx_word' id='word_1_121' title='bbox 976 1565 1115 1629; x_wconf 89' lang='lat' dir='ltr'><strong>homini-</strong></span> 
     </span>
     <span class='ocr_line' id='line_1_19' title="bbox 98 1652 1117 1734; baseline -0.003 -20"><span class='ocrx_word' id='word_1_122' title='bbox 98 1659 159 1715; x_wconf 84' lang='lat' dir='ltr'><strong>bus</strong></span> <span class='ocrx_word' id='word_1_123' title='bbox 183 1652 399 1728; x_wconf 83' lang='lat' dir='ltr'><strong>exsectione,</strong></span> <span class='ocrx_word' id='word_1_124' title='bbox 445 1674 519 1713; x_wconf 88' lang='lat' dir='ltr'><strong>cum</strong></span> <span class='ocrx_word' id='word_1_125' title='bbox 542 1674 603 1733; x_wconf 88' lang='lat' dir='ltr'><strong>qua</strong></span> <span class='ocrx_word' id='word_1_126' title='bbox 632 1652 835 1717; x_wconf 77' lang='lat' dir='ltr'><strong>consiliorum</strong></span> <span class='ocrx_word' id='word_1_127' title='bbox 862 1655 966 1734; x_wconf 83' lang='lat' dir='ltr'><strong>aliqua</strong></span> <span class='ocrx_word' id='word_1_128' title='bbox 987 1652 1117 1713; x_wconf 84' lang='lat' dir='ltr'><strong>societas</strong></span> 
     </span>
     <span class='ocr_line' id='line_1_20' title="bbox 101 1736 1116 1822; baseline -0.004 -21"><span class='ocrx_word' id='word_1_129' title='bbox 101 1740 344 1822; x_wconf 84' lang='lat' dir='ltr'><strong>Philopoemeni</strong></span> <span class='ocrx_word' id='word_1_130' title='bbox 360 1754 453 1819; x_wconf 87' lang='lat' dir='ltr'><strong>atque</strong></span> <span class='ocrx_word' id='word_1_131' title='bbox 471 1738 629 1799; x_wconf 86' lang='lat' dir='ltr'><strong>exsulibus</strong></span> <span class='ocrx_word' id='word_1_132' title='bbox 647 1756 732 1813; x_wconf 89' lang='lat' dir='ltr'><strong>erat,</strong></span> <span class='ocrx_word' id='word_1_133' title='bbox 753 1736 948 1815; x_wconf 86' lang='lat' dir='ltr'><strong>intersectis,</strong></span> <span class='ocrx_word' id='word_1_134' title='bbox 970 1738 1116 1799; x_wconf 80' lang='lat' dir='ltr'><strong>decreve-</strong></span> 
     </span>
     <span class='ocr_line' id='line_1_21' title="bbox 101 1822 1115 1905; baseline 0.001 -21"><span class='ocrx_word' id='word_1_135' title='bbox 101 1839 198 1897; x_wconf 87' lang='lat' dir='ltr'><strong>runt,</strong></span> <span class='ocrx_word' id='word_1_136' title='bbox 228 1823 482 1895; x_wconf 77' lang='lat' dir='ltr'><strong>renuntiandam</strong></span> <span class='ocrx_word' id='word_1_137' title='bbox 503 1822 679 1883; x_wconf 85' lang='lat' dir='ltr'><strong>societatem</strong></span> <span class='ocrx_word' id='word_1_138' title='bbox 694 1822 851 1899; x_wconf 54' lang='lat' dir='ltr'><strong>Achaei,</strong></span> <span class='ocrx_word' id='word_1_139' title='bbox 872 1826 1050 1905; x_wconf 82' lang='lat' dir='ltr'><strong>legatosque</strong></span> <span class='ocrx_word' id='word_1_140' title='bbox 1064 1846 1115 1885; x_wconf 84' lang='lat' dir='ltr'><strong>ex·</strong></span> 
     </span>
     <span class='ocr_line' id='line_1_22' title="bbox 103 1908 1115 1992; baseline -0.001 -22"><span class='ocrx_word' id='word_1_141' title='bbox 103 1911 224 1991; x_wconf 88' lang='lat' dir='ltr'><strong>templo</strong></span> <span class='ocrx_word' id='word_1_142' title='bbox 238 1909 479 1992; x_wconf 85' lang='lat' dir='ltr'><strong>Cephalleniam</strong></span> <span class='ocrx_word' id='word_1_143' title='bbox 500 1908 691 1984; x_wconf 75' lang='lat' dir='ltr'><strong>mittendoS,</strong></span> <span class='ocrx_word' id='word_1_144' title='bbox 719 1912 773 1991; x_wconf 89' lang='lat' dir='ltr'><strong>qui</strong></span> <span class='ocrx_word' id='word_1_145' title='bbox 792 1909 915 1969; x_wconf 83' lang='lat' dir='ltr'><strong>consuli</strong></span> <span class='ocrx_word' id='word_1_146' title='bbox 938 1913 981 1970; x_wconf 78' lang='lat' dir='ltr'><strong>ut.</strong></span> <span class='ocrx_word' id='word_1_147' title='bbox 996 1912 1115 1983; x_wconf 86' lang='lat' dir='ltr'><strong>Fulvio,</strong></span> 
     </span>
     <span class='ocr_line' id='line_1_23' title="bbox 103 1995 1117 2079; baseline 0.002 -24"><span class='ocrx_word' id='word_1_148' title='bbox 103 1997 222 2079; x_wconf 89' lang='lat' dir='ltr'><strong>quique</strong></span> <span class='ocrx_word' id='word_1_149' title='bbox 245 1997 402 2057; x_wconf 82' lang='lat' dir='ltr'><strong>Romanis</strong></span> <span class='ocrx_word' id='word_1_150' title='bbox 425 1995 698 2059; x_wconf 82' lang='lat' dir='ltr'><strong>Lacedaemonem</strong></span> <span class='ocrx_word' id='word_1_151' title='bbox 723 1996 899 2070; x_wconf 82' lang='lat' dir='ltr'><strong>dederent3</strong></span> <span class='ocrx_word' id='word_1_152' title='bbox 925 2012 1117 2075; x_wconf 80' lang='lat' dir='ltr'><strong>orarentque</strong></span> 
     </span>
     <span class='ocr_line' id='line_1_24' title="bbox 103 2080 1117 2165; baseline -0.003 -22"><span class='ocrx_word' id='word_1_153' title='bbox 103 2106 194 2156; x_wconf 84' lang='lat' dir='ltr'><strong>eum,</strong></span> <span class='ocrx_word' id='word_1_154' title='bbox 240 2098 276 2141; x_wconf 87' lang='lat' dir='ltr'><strong>ut</strong></span> <span class='ocrx_word' id='word_1_155' title='bbox 295 2084 422 2144; x_wconf 78' lang='lat' dir='ltr'><strong>veniret</strong></span> <span class='ocrx_word' id='word_1_156' title='bbox 443 2084 480 2144; x_wconf 90' lang='lat' dir='ltr'><strong>in</strong></span> <span class='ocrx_word' id='word_1_157' title='bbox 498 2081 751 2165; x_wconf 84' lang='lat' dir='ltr'><strong>Peloponnesum</strong></span> <span class='ocrx_word' id='word_1_158' title='bbox 775 2081 818 2143; x_wconf 89' lang='lat' dir='ltr'><strong>ad</strong></span> <span class='ocrx_word' id='word_1_159' title='bbox 838 2085 951 2143; x_wconf 86' lang='lat' dir='ltr'><strong>urbem</strong></span> <span class='ocrx_word' id='word_1_160' title='bbox 965 2080 1117 2143; x_wconf 85' lang='lat' dir='ltr'><strong>Lacedae·</strong></span> 
     </span>
     <span class='ocr_line' id='line_1_25' title="bbox 92 2162 1118 2255; baseline -0.005 -24"><span class='ocrx_word' id='word_1_161' title='bbox 92 2162 235 2237; x_wconf 82' lang='lat' dir='ltr'><strong>monem</strong></span> <span class='ocrx_word' id='word_1_162' title='bbox 270 2169 308 2231; x_wconf 91' lang='lat' dir='ltr'><strong>in</strong></span> <span class='ocrx_word' id='word_1_163' title='bbox 345 2168 452 2231; x_wconf 84' lang='lat' dir='ltr'><strong>fidem</strong></span> <span class='ocrx_word' id='word_1_164' title='bbox 477 2169 695 2254; x_wconf 75' lang='lat' dir='ltr'><strong>ditionemque</strong></span> <span class='ocrx_word' id='word_1_165' title='bbox 723 2169 842 2255; x_wconf 80' lang='lat' dir='ltr'><strong>populi</strong></span> <span class='ocrx_word' id='word_1_166' title='bbox 870 2169 1012 2230; x_wconf 88' lang='lat' dir='ltr'><strong>Romani</strong></span> <span class='ocrx_word' id='word_1_167' title='bbox 1041 2167 1118 2227; x_wconf 87' lang='lat' dir='ltr'><strong>acei-</strong></span> 
     </span>
     <span class='ocr_line' id='line_1_26' title="bbox 95 2256 265 2342; baseline -0.029 -23"><span class='ocrx_word' id='word_1_168' title='bbox 95 2256 265 2342; x_wconf 79' lang='lat' dir='ltr'><strong>piendam.</strong></span> 
     </span>
    </p>
   </div>
   <div class='ocr_carea' id='block_1_3' title="bbox 56 2429 1160 3867">
    <p class='ocr_par' dir='ltr' id='par_1_5' title="bbox 101 2429 1119 2689">
     <span class='ocr_line' id='line_1_27' title="bbox 182 2429 1119 2515; baseline 0.002 -26"><span class='ocrx_word' id='word_1_169' title='bbox 182 2431 306 2491; x_wconf 81' lang='lat' dir='ltr'><strong>XXXII.</strong></span> <span class='ocrx_word' id='word_1_170' title='bbox 325 2430 364 2493; x_wconf 92' lang='lat' dir='ltr'><strong>ld</strong></span> <span class='ocrx_word' id='word_1_171' title='bbox 377 2434 434 2493; x_wconf 89' lang='lat' dir='ltr'><strong>nbi</strong></span> <span class='ocrx_word' id='word_1_172' title='bbox 445 2431 539 2515; x_wconf 84' lang='lat' dir='ltr'><strong>legati</strong></span> <span class='ocrx_word' id='word_1_173' title='bbox 553 2430 594 2491; x_wconf 89' lang='lat' dir='ltr'><strong>ad</strong></span> <span class='ocrx_word' id='word_1_174' title='bbox 601 2429 746 2495; x_wconf 83' lang='lat' dir='ltr'><strong>Achaeos</strong></span> <span class='ocrx_word' id='word_1_175' title='bbox 760 2432 962 2507; x_wconf 69' lang='lat' dir='ltr'><strong>retulerunt,</strong></span> <span class='ocrx_word' id='word_1_176' title='bbox 972 2431 1119 2491; x_wconf 87' lang='lat' dir='ltr'><strong>omnium</strong></span> 
     </span>
     <span class='ocr_line' id='line_1_28' title="bbox 101 2515 1119 2601; baseline 0 -22"><span class='ocrx_word' id='word_1_177' title='bbox 101 2516 282 2592; x_wconf 85' lang='lat' dir='ltr'><strong>civitatum,</strong></span> <span class='ocrx_word' id='word_1_178' title='bbox 317 2532 400 2600; x_wconf 85' lang='lat' dir='ltr'><strong>&#39;quae</strong></span> <span class='ocrx_word' id='word_1_179' title='bbox 431 2519 503 2601; x_wconf 82' lang='lat' dir='ltr'><strong>ejus¹</strong></span> <span class='ocrx_word' id='word_1_180' title='bbox 518 2519 783 2596; x_wconf 86' lang='lat' dir='ltr'><strong>concilii-‘erant,</strong></span> <span class='ocrx_word' id='word_1_181' title='bbox 821 2515 978 2580; x_wconf 88' lang='lat' dir='ltr'><strong>consensu</strong></span> <span class='ocrx_word' id='word_1_182' title='bbox 997 2519 1119 2579; x_wconf 86' lang='lat' dir='ltr'><strong>bellum</strong></span> 
     </span>
     <span class='ocr_line' id='line_1_29' title="bbox 102 2601 1116 2689; baseline 0.003 -26"><span class='ocrx_word' id='word_1_183' title='bbox 102 2601 366 2667; x_wconf 79' lang='lat' dir='ltr'><strong>Lacedaemoniis</strong></span> <span class='ocrx_word' id='word_1_184' title='bbox 394 2604 553 2667; x_wconf 88' lang='lat' dir='ltr'><strong>indictum</strong></span> <span class='ocrx_word' id='word_1_185' title='bbox 582 2605 635 2665; x_wconf 89' lang='lat' dir='ltr'><strong>est.</strong></span> <span class='ocrx_word' id='word_1_186' title='bbox 680 2608 726 2667; x_wconf 86' lang='lat' dir='ltr'><strong>ne</strong></span> <span class='ocrx_word' id='word_1_187' title='bbox 755 2607 916 2689; x_wconf 83' lang='lat' dir='ltr'><strong>extemplo</strong></span> <span class='ocrx_word' id='word_1_188' title='bbox 942 2622 1116 2688; x_wconf 75' lang='lat' dir='ltr'><strong>gereretur,</strong></span> 
     </span>
    </p>

    <p class='ocr_par' dir='ltr' id='par_1_6' title="bbox 62 2689 1121 3382">
     <span class='ocr_line' id='line_1_30' title="bbox 62 2689 1119 2777; baseline 0 -26"><span class='ocrx_word' id='word_1_189' title='bbox 62 2770 65 2775; x_wconf 23' lang='grc' dir='ltr'>ι</span> <span class='ocrx_word' id='word_1_190' title='bbox 102 2689 208 2751; x_wconf 86' lang='lat' dir='ltr'><strong>hiems</strong></span> <span class='ocrx_word' id='word_1_191' title='bbox 221 2690 379 2773; x_wconf 83' lang='lat' dir='ltr'><strong>impediit.</strong></span> <span class='ocrx_word' id='word_1_192' title='bbox 424 2691 663 2754; x_wconf 85' lang='lat' dir='ltr'><strong>Incurstonibus</strong></span> <span class='ocrx_word' id='word_1_193' title='bbox 678 2710 789 2755; x_wconf 87' lang='lat' dir='ltr'><strong>tamen</strong></span> <span class='ocrx_word' id='word_1_194' title='bbox 802 2694 926 2777; x_wconf 82' lang='lat' dir='ltr'><strong>parvis,</strong></span> <span class='ocrx_word' id='word_1_195' title='bbox 956 2694 1119 2753; x_wconf 85' lang='lat' dir='ltr'><strong>latrocinii</strong></span> 
     </span>
     <span class='ocr_line' id='line_1_31' title="bbox 64 2766 1118 2861; baseline 0.002 -25"><span class='ocrx_word' id='word_1_196' title='bbox 64 2824 67 2829; x_wconf 93' lang='lat'><em>.</em></span> <span class='ocrx_word' id='word_1_197' title='bbox 102 2777 202 2859; x_wconf 86' lang='lat' dir='ltr'><strong>magis</strong></span> <span class='ocrx_word' id='word_1_198' title='bbox 221 2799 321 2859; x_wconf 85' lang='lat' dir='ltr'><strong>qnam</strong></span> <span class='ocrx_word' id='word_1_199' title='bbox 339 2780 416 2839; x_wconf 89' lang='lat' dir='ltr'><strong>belli</strong></span> <span class='ocrx_word' id='word_1_200' title='bbox 437 2766 550 2856; x_wconf 80' lang='lat' dir='ltr'><strong>modo,</strong></span> <span class='ocrx_word' id='word_1_201' title='bbox 575 2784 648 2840; x_wconf 87' lang='lat' dir='ltr'><strong>non</strong></span> <span class='ocrx_word' id='word_1_202' title='bbox 670 2796 757 2861; x_wconf 88' lang='lat' dir='ltr'><strong>terra</strong></span> <span class='ocrx_word' id='word_1_203' title='bbox 777 2796 919 2856; x_wconf 89' lang='lat' dir='ltr'><strong>tantum,</strong></span> <span class='ocrx_word' id='word_1_204' title='bbox 949 2776 1118 2839; x_wconf 84' lang='lat' dir='ltr'><strong>sedetiam</strong></span> 
     </span>
     <span class='ocr_line' id='line_1_32' title="bbox 92 2864 1117 2931; baseline 0.003 -10"><span class='ocrx_word' id='word_1_205' title='bbox 92 2864 240 2925; x_wconf 77' lang='lat' dir='ltr'><strong>‚naribus</strong></span> <span class='ocrx_word' id='word_1_206' title='bbox 260 2886 280 2924; x_wconf 89' lang='lat' dir='ltr'><strong>a</strong></span> <span class='ocrx_word' id='word_1_207' title='bbox 300 2867 382 2925; x_wconf 87' lang='lat' dir='ltr'><strong>mari</strong></span> <span class='ocrx_word' id='word_1_208' title='bbox 403 2866 484 2926; x_wconf 81' lang='lat' dir='ltr'><strong>lines</strong></span> <span class='ocrx_word' id='word_1_209' title='bbox 507 2887 618 2931; x_wconf 80' lang='lat' dir='ltr'><strong>cortun</strong></span> <span class='ocrx_word' id='word_1_210' title='bbox 631 2866 750 2928; x_wconf 80' lang='lat' dir='ltr'><strong>vastati.</strong></span> <span class='ocrx_word' id='word_1_211' title='bbox 795 2868 856 2928; x_wconf 90' lang='lat' dir='ltr'><strong>Hic</strong></span> <span class='ocrx_word' id='word_1_212' title='bbox 876 2866 1027 2925; x_wconf 90' lang='lat' dir='ltr'><strong>tumultus</strong></span> <span class='ocrx_word' id='word_1_213' title='bbox 1042 2886 1117 2925; x_wconf 87' lang='lat' dir='ltr'><strong>con-</strong></span> 
     </span>
     <span class='ocr_line' id='line_1_33' title="bbox 104 2946 1116 3036; baseline 0.005 -29"><span class='ocrx_word' id='word_1_214' title='bbox 104 2946 204 3025; x_wconf 79' lang='lat' dir='ltr'><strong>splem</strong></span> <span class='ocrx_word' id='word_1_215' title='bbox 216 2950 255 3011; x_wconf 91' lang='lat' dir='ltr'><strong>in</strong></span> <span class='ocrx_word' id='word_1_216' title='bbox 271 2950 526 3035; x_wconf 78' lang='lat' dir='ltr'><strong>Peloponnesum</strong></span> <span class='ocrx_word' id='word_1_217' title='bbox 540 2952 689 3030; x_wconf 82' lang='lat' dir='ltr'><strong>adduxit3</strong></span> <span class='ocrx_word' id='word_1_218' title='bbox 708 2952 852 3036; x_wconf 81' lang='lat' dir='ltr'><strong>jussuque</strong></span> <span class='ocrx_word' id='word_1_219' title='bbox 869 2953 936 3035; x_wconf 83' lang='lat' dir='ltr'><strong>ejus</strong></span> <span class='ocrx_word' id='word_1_220' title='bbox 950 2950 1028 3013; x_wconf 85' lang='lat' dir='ltr'><strong>Elin</strong></span> <span class='ocrx_word' id='word_1_221' title='bbox 1041 2968 1116 3013; x_wconf 88' lang='lat' dir='ltr'><strong>con·</strong></span> 
     </span>
     <span class='ocr_line' id='line_1_34' title="bbox 104 3035 1115 3123; baseline 0.004 -29"><span class='ocrx_word' id='word_1_222' title='bbox 104 3035 179 3096; x_wconf 91' lang='lat' dir='ltr'><strong>cilio</strong></span> <span class='ocrx_word' id='word_1_223' title='bbox 191 3036 331 3123; x_wconf 78' lang='lat' dir='ltr'><strong>indicto,</strong></span> <span class='ocrx_word' id='word_1_224' title='bbox 355 3038 599 3100; x_wconf 88' lang='lat' dir='ltr'><strong>Lacedaemonii</strong></span> <span class='ocrx_word' id='word_1_225' title='bbox 614 3040 655 3099; x_wconf 88' lang='lat' dir='ltr'><strong>ad</strong></span> <span class='ocrx_word' id='word_1_226' title='bbox 668 3037 914 3121; x_wconf 79' lang='lat' dir='ltr'><strong>disceptandum</strong></span> <span class='ocrx_word' id='word_1_227' title='bbox 925 3038 1026 3097; x_wconf 89' lang='lat' dir='ltr'><strong>acciti.</strong></span> <span class='ocrx_word' id='word_1_228' title='bbox 1050 3040 1115 3098; x_wconf 84' lang='lat' dir='ltr'><strong>Ma·</strong></span> 
     </span>
     <span class='ocr_line' id='line_1_35' title="bbox 101 3120 1116 3209; baseline 0.004 -28"><span class='ocrx_word' id='word_1_229' title='bbox 101 3142 170 3205; x_wconf 80' lang='lat' dir='ltr'><strong>gna</strong></span> <span class='ocrx_word' id='word_1_230' title='bbox 192 3125 238 3184; x_wconf 86' lang='lat' dir='ltr'><strong>ibi</strong></span> <span class='ocrx_word' id='word_1_231' title='bbox 258 3146 330 3199; x_wconf 82' lang='lat' dir='ltr'><strong>non</strong></span> <span class='ocrx_word' id='word_1_232' title='bbox 344 3126 529 3209; x_wconf 80' lang='lat' dir='ltr'><strong>disceptatio</strong></span> <span class='ocrx_word' id='word_1_233' title='bbox 550 3126 665 3203; x_wconf 90' lang='lat' dir='ltr'><strong>modo,</strong></span> <span class='ocrx_word' id='word_1_234' title='bbox 684 3124 740 3186; x_wconf 91' lang='lat' dir='ltr'><strong>sed</strong></span> <span class='ocrx_word' id='word_1_235' title='bbox 757 3126 853 3186; x_wconf 91' lang='lat' dir='ltr'><strong>etiam</strong></span> <span class='ocrx_word' id='word_1_236' title='bbox 869 3123 1030 3185; x_wconf 86' lang='lat' dir='ltr'><strong>altercatio</strong></span> <span class='ocrx_word' id='word_1_237' title='bbox 1044 3120 1116 3185; x_wconf 82' lang='lat' dir='ltr'><strong>suit.</strong></span> 
     </span>
     <span class='ocr_line' id='line_1_36' title="bbox 102 3209 1117 3295; baseline 0 -24"><span class='ocrx_word' id='word_1_238' title='bbox 102 3210 158 3281; x_wconf 75' lang='lat' dir='ltr'><strong>aui</strong></span> <span class='ocrx_word' id='word_1_239' title='bbox 172 3209 299 3288; x_wconf 83' lang='lat' dir='ltr'><strong>consul,</strong></span> <span class='ocrx_word' id='word_1_240' title='bbox 330 3234 404 3273; x_wconf 90' lang='lat' dir='ltr'><strong>cum</strong></span> <span class='ocrx_word' id='word_1_241' title='bbox 425 3214 504 3291; x_wconf 88' lang='lat' dir='ltr'><strong>alia,</strong></span> <span class='ocrx_word' id='word_1_242' title='bbox 527 3210 598 3273; x_wconf 86' lang='lat' dir='ltr'><strong>satis</strong></span> <span class='ocrx_word' id='word_1_243' title='bbox 621 3210 784 3276; x_wconf 79' lang='lat' dir='ltr'><strong>ambitiose</strong></span> <span class='ocrx_word' id='word_1_244' title='bbox 804 3214 928 3293; x_wconf 76' lang='lat' dir='ltr'><strong>partem</strong></span> <span class='ocrx_word' id='word_1_245' title='bbox 950 3226 1117 3295; x_wconf 84' lang='lat' dir='ltr'><strong>utramque</strong></span> 
     </span>
     <span class='ocr_line' id='line_1_37' title="bbox 102 3290 1121 3382; baseline -0.002 -25"><span class='ocrx_word' id='word_1_246' title='bbox 102 3290 263 3376; x_wconf 61' lang='lat' dir='ltr'><strong>fouendo,</strong></span> <span class='ocrx_word' id='word_1_247' title='bbox 287 3292 660 3382; x_wconf 60' lang='lat' dir='ltr'><strong>incerta&#39;respondisset,</strong></span> <span class='ocrx_word' id='word_1_248' title='bbox 691 3319 757 3357; x_wconf 88' lang='lat' dir='ltr'><strong>una</strong></span> <span class='ocrx_word' id='word_1_249' title='bbox 781 3295 1044 3373; x_wconf 81' lang='lat' dir='ltr'><strong>denuntiatione,</strong></span> <span class='ocrx_word' id='word_1_250' title='bbox 1081 3314 1121 3359; x_wconf 90' lang='lat' dir='ltr'><strong>nt.</strong></span> 
     </span>
    </p>

    <p class='ocr_par' dir='ltr' id='par_1_7' title="bbox 56 3382 1122 3729">
     <span class='ocr_line' id='line_1_38' title="bbox 56 3382 1115 3469; baseline 0 -26"><span class='ocrx_word' id='word_1_251' title='bbox 56 3416 61 3423; x_wconf 93' lang='lat'><em>·</em></span> <span class='ocrx_word' id='word_1_252' title='bbox 102 3382 190 3453; x_wconf 74' lang='lat' dir='ltr'><strong>hello</strong></span> <span class='ocrx_word' id='word_1_253' title='bbox 204 3386 418 3461; x_wconf 77' lang='lat' dir='ltr'><strong>abstinerent,</strong></span> <span class='ocrx_word' id='word_1_254' title='bbox 441 3385 547 3469; x_wconf 82' lang='lat' dir='ltr'><strong>donec</strong></span> <span class='ocrx_word' id='word_1_255' title='bbox 560 3387 698 3445; x_wconf 87' lang='lat' dir='ltr'><strong>Romam</strong></span> <span class='ocrx_word' id='word_1_256' title='bbox 711 3384 830 3467; x_wconf 79' lang='lat' dir='ltr'><strong>legatos</strong></span> <span class='ocrx_word' id='word_1_257' title='bbox 845 3382 885 3443; x_wconf 91' lang='lat' dir='ltr'><strong>ad</strong></span> <span class='ocrx_word' id='word_1_258' title='bbox 900 3382 1044 3447; x_wconf 80' lang='lat' dir='ltr'><strong>senatum</strong></span> <span class='ocrx_word' id='word_1_259' title='bbox 1057 3387 1115 3445; x_wconf 76' lang='lat' dir='ltr'><strong>r&#39;ni-</strong></span> 
     </span>
     <span class='ocr_line' id='line_1_39' title="bbox 98 3464 1117 3554; baseline 0.001 -23"><span class='ocrx_word' id='word_1_260' title='bbox 98 3464 229 3549; x_wconf 74' lang='lat' dir='ltr'><strong>sissent,</strong></span> <span class='ocrx_word' id='word_1_261' title='bbox 250 3472 351 3533; x_wconf 86' lang='lat' dir='ltr'><strong>linem</strong></span> <span class='ocrx_word' id='word_1_262' title='bbox 367 3470 539 3553; x_wconf 83' lang='lat' dir='ltr'><strong>imposuit.¹</strong></span> <span class='ocrx_word' id='word_1_263' title='bbox 570 3472 732 3554; x_wconf 86' lang='lat' dir='ltr'><strong>Utrinque</strong></span> <span class='ocrx_word' id='word_1_264' title='bbox 747 3470 860 3551; x_wconf 86' lang='lat' dir='ltr'><strong>legatio</strong></span> <span class='ocrx_word' id='word_1_265' title='bbox 873 3471 964 3533; x_wconf 85' lang='lat' dir='ltr'><strong>missa</strong></span> <span class='ocrx_word' id='word_1_266' title='bbox 977 3475 1117 3533; x_wconf 86' lang='lat' dir='ltr'><strong>Romam</strong></span> 
     </span>
     <span class='ocr_line' id='line_1_40' title="bbox 103 3554 1114 3639; baseline 0.002 -23"><span class='ocrx_word' id='word_1_267' title='bbox 103 3554 162 3621; x_wconf 52' lang='lat' dir='ltr'><strong>esti¹</strong></span> <span class='ocrx_word' id='word_1_268' title='bbox 204 3556 327 3627; x_wconf 76' lang='lat' dir='ltr'><strong>exsules</strong></span> <span class='ocrx_word' id='word_1_269' title='bbox 346 3576 469 3639; x_wconf 87' lang='lat' dir='ltr'><strong>qnoque</strong></span> <span class='ocrx_word' id='word_1_270' title='bbox 484 3556 811 3631; x_wconf 83' lang='lat' dir='ltr'><strong>Lacedaemoniorum</strong></span> <span class='ocrx_word' id='word_1_271' title='bbox 824 3556 911 3618; x_wconf 79' lang='lat' dir='ltr'><strong>sitam</strong></span> <span class='ocrx_word' id='word_1_272' title='bbox 930 3558 1053 3619; x_wconf 84' lang='lat' dir='ltr'><strong>caulam</strong></span> <span class='ocrx_word' id='word_1_273' title='bbox 1070 3560 1114 3618; x_wconf 87' lang='lat' dir='ltr'><strong>le·</strong></span> 
     </span>
     <span class='ocr_line' id='line_1_41' title="bbox 101 3642 1122 3729; baseline -0.002 -27"><span class='ocrx_word' id='word_1_274' title='bbox 101 3646 328 3729; x_wconf 77' lang='lat' dir='ltr'><strong>gationemque</strong></span> <span class='ocrx_word' id='word_1_275' title='bbox 336 3643 472 3707; x_wconf 81' lang='lat' dir='ltr'><strong>Achaeis</strong></span> <span class='ocrx_word' id='word_1_276' title='bbox 487 3644 711 3728; x_wconf 81' lang='lat' dir='ltr'><strong>injunxerunt.</strong></span> <span class='ocrx_word' id='word_1_277' title='bbox 737 3642 1122 3728; x_wconf 50' lang='lat' dir='ltr'><strong>Diophanemetbqeox-</strong></span> 
     </span>
    </p>

    <p class='ocr_par' dir='ltr' id='par_1_8' title="bbox 60 3726 1160 3867">
     <span class='ocr_line' id='line_1_42' title="bbox 60 3726 1148 3825; baseline -0.009 -34"><span class='ocrx_word' id='word_1_278' title='bbox 60 3806 63 3811; x_wconf 87' lang='lat'>.</span> <span class='ocrx_word' id='word_1_279' title='bbox 99 3726 172 3807; x_wconf 67' lang='lat' dir='ltr'><strong>tal,</strong></span> <span class='ocrx_word' id='word_1_280' title='bbox 195 3731 453 3825; x_wconf 67' lang='lat' dir='ltr'><strong>Megalopolitani</strong></span> <span class='ocrx_word' id='word_1_281' title='bbox 474 3734 587 3823; x_wconf 74' lang='lat' dir='ltr'><strong>amito,</strong></span> <span class='ocrx_word' id='word_1_282' title='bbox 612 3731 788 3823; x_wconf 78' lang='lat' dir='ltr'><strong>principes</strong></span> <span class='ocrx_word' id='word_1_283' title='bbox 796 3732 979 3821; x_wconf 62' lang='lat' dir='ltr'><strong>legationis</strong></span> <span class='ocrx_word' id='word_1_284' title='bbox 998 3728 1148 3789; x_wconf 62' lang='lat' dir='ltr'><strong>amaea-</strong></span> 
     </span>
     <span class='ocr_line' id='line_1_43' title="bbox 111 3816 1160 3867; baseline 0 -4"><span class='ocrx_word' id='word_1_285' title='bbox 111 3846 122 3863; x_wconf 63' lang='lat'><em>,</em></span> <span class='ocrx_word' id='word_1_286' title='bbox 359 3853 364 3867; x_wconf 89' lang='grc'><em>,</em></span> <span class='ocrx_word' id='word_1_287' title='bbox 535 3838 536 3843; x_wconf 61' lang='lat'><em>=</em></span> <span class='ocrx_word' id='word_1_288' title='bbox 762 3816 768 3845; x_wconf 69' lang='lat'><strong>³</strong></span> <span class='ocrx_word' id='word_1_289' title='bbox 862 3832 866 3837; x_wconf 89' lang='lat'>·</span> <span class='ocrx_word' id='word_1_290' title='bbox 1086 3828 1160 3866; x_wconf 66' lang='lat' dir='ltr'><strong>tun</strong></span> 
     </span>
    </p>
   </div>
   <div class='ocr_carea' id='block_1_4' title="bbox 0 0 1192 4140">
    <p class='ocr_par' dir='ltr' id='par_1_9' title="bbox 0 0 1192 4140">
     <span class='ocr_line' id='line_1_44' title="bbox 0 0 1192 4140; baseline 0 0"><span class='ocrx_word' id='word_1_291' title='bbox 0 0 1192 4140; x_wconf 95' lang='lat' dir='ltr'><strong> </strong></span> 
     </span>
    </p>
   </div>
  </div>
 </body>
</html>
