2354 4140
290 120 448 185 LIBER
463 124 574 185 XXXI.
618 122 692 184 Cat.
709 123 810 185 xm.
822 124 936 186 xum.

670 250 699 289 a.
714 232 749 290 C.
769 230 812 289 N.
830 250 904 291 200.

217 348 314 409 XLII.
334 349 413 411 Phili
439 371 508 432 pus,
525 350 588 411 suis
602 350 667 431 jam
682 352 766 412 vallo
782 348 1133 434 appropinquantibus,

112 437 258 516 receptui
277 438 352 498 cani
368 437 405 519 ju
430 434 465 496 ἰ
497 435 655 520 satigatos
670 440 761 499 enim
775 460 872 521 equos
892 437 1042 517 virosque
1055 455 1134 497 non

110 536 177 581 tam
190 523 324 605 proelio,
342 545 438 605 quam
449 524 578 587 itineris
591 523 681 585 fimus
698 523 914 608 longitudine,
934 521 1025 582 fimul
1037 544 1134 605 prae-

112 629 254 709 propera
274 611 453 689 celeritate,
481 610 629 671 habebat.
674 614 784 694 Itaque
805 611 971 671 turmatim
994 610 1132 691 equites,

111 697 316 777 tnricernque
338 698 625 780 manipulos¹leris
648 716 850 775 armaturae,
870 696 1082 779 aquatumire
1094 712 1137 771 et,

112 781 276 865 prandere
292 783 397 865 jubet:
420 786 498 847 elios
514 786 553 846 in
565 782 699 847 statione
717 804 855 847 armatos
871 785 1009 859 retinet,
1030 764 1145 867 eppe-²

111 869 203 930 tiens
211 891 333 953 agmen
344 871 490 955 peditum
506 871 628 933 tardius
643 871 777 933 ductum
794 889 929 956 propter
940 871 1132 953 puritatem·

110 974 285 1021 armorum.
330 957 426 1038 Quod
447 960 504 1020 ubi
527 958 676 1037 aduenit,
698 976 730 1020 et
750 959 825 1044 iplis
847 960 1060 1041 imperatum,
1080 972 1128 1041 ut,

111 1038 230 1106 statutis
243 1042 341 1128 lignis
358 1047 610 1128 armisque-aute
624 1046 656 1107 se
673 1045 799 1130 politis,
820 1046 940 1130 raptim
954 1045 1062 1107 cibum
1077 1064 1134 1104 ca·-

110 1148 247 1213 perent‚
272 1133 359 1195 binis
381 1134 525 1195 temisve
547 1133 707 1194 [nmmum
729 1156 773 1195 ex
792 1133 969 1215 manipulis
983 1128 1127 1213 aquandi

110 1217 203 1279 causa
225 1218 339 1281 missis:
367 1221 502 1283 interim
522 1241 621 1302 eques
644 1242 719 1282 cum
741 1222 807 1282 levi
822 1234 984 1281 armatura
996 1234 1124 1301 paratus

108 1302 345 1389 instructusque
377 1306 478 1386 stetit,
519 1305 636 1391 liquid
671 1308 767 1369 hostis
799 1318 954 1371 moueret.
1006 1302 1125 1380 Aetoli,

73 1454 76 1463 ,
110 1390 192 1474 Qum
206 1395 297 1455 enim
310 1410 353 1470 et,
366 1414 447 1476 quae
462 1415 525 1478 per
539 1416 629 1479 agros
643 1391 814 1457 multitudo
827 1390 935 1477 sparsa
947 1388 1062 1468 fuerat,
1074 1410 1125 1451 re·
1159 1426 1167 1441 ι

111 1496 242 1562 ceperat
255 1480 288 1543 so
303 1483 341 1545 in
355 1480 470 1559 castra)
483 1498 517 1542 ut
532 1480 700 1544 defensuri
711 1483 932 1556 munimenta,
951 1478 1037 1538 eirea
1049 1499 1126 1561 por·

110 1578 160 1626 tat
181 1568 363 1652 tallmnque
382 1585 522 1631 anuatos
543 1566 739 1652 disponunt,
777 1567 855 1629 dum
876 1567 999 1648 quietos
1019 1563 1126 1627 hostes

110 1649 172 1737 ipsi
199 1650 322 1717 feroces
351 1676 395 1717 ex
414 1672 481 1716 tuto
504 1656 701 1739 spectabant.
744 1654 909 1739 postquam
928 1668 1015 1713 mota
1035 1649 1127 1733 ligne

110 1738 330 1804 Macedonum
348 1741 441 1820 suut,
468 1760 502 1805 et
517 1742 689 1805 succedere
710 1741 752 1804 ad
772 1743 893 1817 vallum
911 1738 1013 1825 parati
1027 1752 1127 1819 atquo
1140 1782 1153 1799 ,-

110 1825 261 1907 instructi
282 1852 436 1913 ooepere‚
464 1852 580 1891 omues
601 1848 756 1915 repente,
785 1829 907 1891 relictis
926 1822 1122 1901 stationilius,

154 1916 336 1981 torulum
359 1934 486 2000 partem
509 1916 685 1979 castrorum
707 1916 750 1979 ad
772 1917 948 1991 tumulum,
968 1906 1127 1997 adcastta

108 1933 332 2066 {homanum
355 2002 553 2088 perlugiunt.
596 2004 691 2065 multi
714 2004 751 2067 in
765 2002 828 2063 hac
842 2021 967 2084 quoque
982 2014 1048 2059 tam
1060 2013 1125 2059 tre·

107 2086 190 2173 pido
209 2088 285 2175 suga
302 2092 390 2177 capti
411 2089 556 2174 caesique
569 2090 644 2151 sunt
656 2088 856 2152 Aetolorum.
899 2082 1127 2170 Philippus,li

107 2171 184 2239 satie
204 2174 271 2243 diei
293 2178 485 2262 superesset,
505 2198 578 2238 non
590 2176 717 2253 dubius,
738 2177 820 2258 quin
834 2174 1033 2237 Athmuanes
1047 2194 1125 2257 quo·

107 2282 173 2347 que
192 2267 269 2329 exui
288 2265 397 2327 caruis
419 2263 611 2346 potuissent,
640 2261 694 2322 die
715 2284 776 2347 per
794 2263 972 2346 proelium,
1000 2256 1133 2321 deinde·

106 2369 170 2431 per
184 2349 402 2433 direptionem
414 2348 588 2408 castrontm
603 2346 762 2427 absumo,
791 2349 849 2411 sub
862 2348 983 2419 tumulo
997 2347 1035 2407 in
1048 2368 1124 2430 pto·

107 2435 197 2495 xima
220 2436 357 2518 planitie
380 2432 542 2512 consedit,
564 2435 670 2518 prima
690 2436 762 2497 luce
776 2434 976 2519 insequentis
987 2431 1054 2495 diei
1066 2432 1125 2497 ho.-

105 2519 188 2581 Item
213 2521 421 2605 aggrefl'urus.
471 2520 536 2583 Sed
556 2519 664 2584 Aetoli
683 2522 798 2583 eodem
819 2526 953 2606 pauore,
980 2540 1044 2603 quo
1066 2518 1126 2583 lit!

107 2605 209 2669 cestre
220 2609 429 2692 reliquerant,
445 2624 542 2671 nocta
581 2611 706 2671 roxima
721 2608 853 2693 dispersi
867 2607 1030 2695 sugerunt.
1052 2610 1124 2669 Mb·

107 2693 197 2755 ximo
217 2693 287 2757 usui
307 2694 370 2757 suit
390 2694 549 2777 Amynan
592 2719 629 2774 r,
657 2719 720 2781 quo
735 2695 816 2759 duce
832 2692 1050 2771 Athamanes,
1070 2694 1122 2759 iti·

106 2799 227 2843 nerum
248 2783 363 2866 periti,
395 2781 527 2847 summis
548 2785 713 2845 montibus
731 2782 793 2868 per
812 2783 907 2843 calles
929 2782 1054 2865 ignotos
1074 2778 1122 2843 se-

106 2870 279 2949 quentihus
300 2891 355 2931 eos
372 2868 513 2932 hostibus
533 2871 573 2933 in
593 2868 754 2933 Aetoliam
768 2868 1003 2954 perduxerunt.
1046 2886 1126 2935 non

105 2953 153 3015 ita
171 2958 289 3019 multos
309 2958 348 3019 in
369 2955 509 3042 dispersa
528 2954 603 3041 suga
621 2979 712 3018 error
725 2958 836 3019 intulit
848 2958 888 3019 in
903 2952 1122 3017 Macedonum
1160 3028 1165 3033 Ι

106 3042 246 3125 equites,
274 3065 353 3127 quos
373 3044 446 3107 luce
467 3045 575 3129 prima
589 3042 772 3129 Philippus,
790 3060 827 3107 ut
841 3041 1004 3105 desertum
1015 3058 1120 3107 mmu-

104 3127 175 3195 lum
186 3128 277 3209 vidit,
297 3130 339 3192 ad
351 3130 555 3217 carpendum
566 3129 707 3199 hostium
718 3150 838 3215 agmen
848 3130 942 3193 milit.

209 3300 323 3366 xum.
341 3306 404 3369 Per
419 3323 474 3366 eos
489 3299 560 3369 dies
574 3320 607 3366 et
619 3302 844 3389 Athenagoras
856 3305 963 3389 regius
976 3298 1121 3387 praef*

104 3399 175 3465 tut,
192 3386 370 3455 Dardanos
390 3392 596 3492 recipientes·
607 3391 641 3453 se
661 3393 815 3494 inlinem
831 3392 981 3477 adeptus,
999 3386 1121 3493 postte:

102 3472 1121 3665 lallaffllllssl'slilh‚⁶13521'3l3ffissl3
1139 3534 1143 3539 ’

102 3647 149 3711 lio
163 3666 241 3713 etet.
263 3652 319 3712 ubi
333 3649 440 3713 rursus
455 3652 632 3734 procedere
639 3652 793 3717 Dardani
805 3652 993 3738 coepissent,
1011 3652 1138 3735 equitur

104 3746 138 3801 α
154 3738 221 3809 leti
234 3753 396 3805 erutam
409 3738 508 3825 regii,
524 3742 655 3807 nullun't
670 3740 743 3810 talis
754 3742 868 3869 auxilii
877 3740 1132 3893 genusflhabeg'
