2354 4140
62 364 137 428 pars
150 340 194 401 ad
210 340 391 418 dexteram,
422 364 495 401 cum
518 344 597 402 extis
621 343 775 425 posterior
798 346 838 403 ad
862 348 981 407 laevam
1008 351 1076 409 viae

10 426 16 489 Ι
103 430 204 489 nitur.
232 429 321 489 inter
335 429 421 487 hanc
436 427 567 491 divisam
585 430 713 489 hostiam
732 432 840 511 copiae
859 451 997 493 armatae
1012 450 1072 492 tra-

36 508 41 531 ‘
61 452 233 579 ddcuntur.
249 514 476 597 praeferuntur
496 517 600 597 primo
617 520 735 599 agmini
758 540 844 577 arma
858 520 993 601 insignia
1008 538 1073 579 ont-

62 605 154 665 nium
170 604 211 661 ab
229 601 338 661 ultima
358 602 481 683 origine
496 602 703 663 Macedoniae
719 626 846 687 regum:
878 604 927 665 dei
934 605 996 665 ude
1014 628 1074 667 rex

24 688 27 697 '
62 692 74 751 i
93 690 126 751 se
141 710 216 751 curn
238 688 347 747 liberis
369 686 541 769 sequntur:-
557 691 702 770 proxima
724 690 767 749 cst
788 692 873 772 regia
894 693 1006 751 cohors
1020 713 1071 751 cu-

18 796 21 801 ·
62 714 228 861 ¹sedesque
252 774 413 855 corporis3
441 773 634 855 postremum
655 798 771 859 agmen
785 777 1000 837 Macedonum
1021 799 1086 841 ce·.

63 882 129 925 tera
148 859 320 923 multitudo
348 859 474 920 claudit.
531 864 642 922 Latera
663 865 744 946 regis
773 861 836 923 duo
864 865 919 924 lilii
939 866 1071 945 juvenes

63 952 253 1035 cingebant,
283 945 410 1006 Perseus
432 948 495 1029 jam
512 948 701 1009 trieefimum
724 956 848 1009 annum
869 971 982 1032 agens,
1004 950 1071 1009 De-

63 1038 194 1099 metrius
210 1034 435 1115 quinquennio
451 1036 575 1110 niinor3
590 1036 696 1097 medio
712 1038 859 1119 juventae
873 1040 988 1113 robore
1004 1038 1071 1112 ille,

37 1178 42 1187 .
63 1122 112 1187 lrie
127 1122 227 1196 flore3
257 1118 411 1187 fortunati
432 1122 528 1202 patris
549 1139 672 1181 matura
684 1123 821 1198 soboles,
848 1124 870 1182 si
886 1144 978 1183 mens
993 1122 1083 1185 sana.

52 1208 187 1283 brisset..
219 1206 289 1267 Mos
305 1222 388 1280 erat,
410 1206 602 1267 lustrationis
623 1208 710 1269 sacro
726 1226 870 1291 peracto,
896 1212 1070 1270 exercitum

42 1342 45 1349 .
65 1296 252 1379 decurrere,
283 1307 314 1352 et
329 1290 440 1353 divisas
459 1292 605 1353 bifariam
621 1294 697 1356 duas
718 1298 799 1356 acies
817 1318 1009 1355 concurrere.
1027 1293 1069 1355 ad

61 1382 265 1465 ¹simulacrum
278 1398 411 1462 pugnae.
446 1381 538 1462 Regii
559 1381 691 1463 juvenes
706 1382 801 1443 ‹luces
816 1384 846 1442 ei
861 1382 983 1443 ludicro
1003 1404 1070 1451 cer·

65 1470 175 1533 taurini
196 1454 270 1533 (lati.
303 1480 444 1559 ceterum
458 1488 529 1525 non
544 1467 645 1551 imago
661 1468 720 1530 suit
743 1490 884 1552 pugnae,
906 1468 978 1544 sed,
1001 1486 1070 1527 tan·

60 1555 157 1641 quam
181 1554 222 1615 de
239 1572 340 1633 regno
358 1550 585 1630 dimicaretur,
614 1558 655 1615 ita
679 1573 929 1630 concurrerunt,
960 1558 1069 1614 multa-

10 1716 12 1723 Ι
59 1646 121 1727 due
134 1642 273 1705 vulnera
286 1637 414 1699 sudibus
425 1638 524 1715 sacta2
546 1660 608 1701 nec
623 1661 748 1725 praeter
759 1642 882 1702 serrum
896 1641 1070 1723 quidquam

10 1743 14 1793 '.
59 1728 166 1805 defuit
176 1725 218 1787 ad
228 1724 340 1811 justam
360 1727 434 1785 belli
446 1724 594 1808 speciem.
626 1732 697 1791 Pars
714 1751 768 1803 ea,
793 1749 871 1809 quae
888 1727 1069 1787 subDeme-

10 1814 14 1861 ἱ
56 1817 228 1889 tricem,
244 1814 340 1894 longe
356 1810 497 1894 superior
519 1811 589 1875 suit.
633 1814 666 1876 id
683 1836 775 1897 aegre
791 1812 931 1896 patiente
948 1806 1069 1888 Perseo,

10 1874 25 1985 i·
58 1900 180 1961 laetari
196 1896 371 1981 ,prudentes
394 1900 487 1959 amici
503 1901 587 1980 ejus,
620 1890 751 1983 eamque
767 1897 946 1983 remipsam
963 1896 1072 1960 dicere

10 1994 23 2075 ζ
57 1984 279 2073 praebituram
292 1983 417 2045 causam
433 1986 631 2047 criminandi
645 1991 778 2072 juvenis.

127 2156 223 2242 VII.
245 2148 434 2221 Conuiuium
456 2178 494 2219 eo
516 2156 569 2219 die
591 2158 758 2236 sodalium,
789 2161 842 2241 qui
854 2157 944 2218 simul
961 2156 1072 2217 decur-

59 2260 190 2321 rerant,
205 2260 346 2328 ‚uterque
360 2245 484 2319 habuit,
516 2266 589 2303 cunt
603 2261 728 2308 vocatus
745 2246 784 2305 ad
803 2242 935 2305 coenam
952 2248 991 2303 ab
1006 2243 1074 2303 Dea

60 2332 181 2403 mettio
195 2331 323 2393 Perseus
340 2330 488 2414 negasset.
535 2330 622 2391 Festo
644 2333 696 2391 die
719 2334 863 2393 inritatio
886 2333 1025 2412 benigna
1041 2344 1075 2391 et

35 2410 205 2485 ,hilaritas
225 2418 382 2499 juvenalis
405 2434 551 2499 utrosque
576 2419 614 2479 in
636 2423 747 2481 vinum
768 2422 871 2479 traxit.
930 2420 1074 2491 Comme-

61 2507 202 2569 motatio.
219 2504 266 2567 ibi
280 2505 465 2565 certaminis
484 2504 598 2565 ludicri
618 2522 649 2564 ct
669 2506 766 2587 jocosa
782 2506 863 2567 dicta
878 2508 915 2566 in
932 2502 1074 2565 adversa-

62 2594 143 2671 rios,
171 2592 267 2653 ita-ut
280 2612 324 2652 ne
343 2590 415 2673 ipsrs
430 2589 558 2671 quidem
583 2590 713 2653 ducibus
731 2595 959 2667 abstineretur,
981 2592 1075 2675 jactae

18 2744 22 2749 ,
62 2682 192 2759 buntur.
209 2706 223 2750 ᾗ
236 2676 291 2739 Ad
312 2677 370 2739 has
386 2677 591 2759 excipiendas
606 2701 699 2740 voces
719 2680 894 2762 speculator
912 2701 953 2739 cx
967 2678 1076 2737 convi-

33 2796 36 2801 ·
62 2765 109 2847 vis
122 2762 229 2827 Persei
251 2762 374 2838 missus,
400 2785 473 2822 erun
495 2765 652 2825 incautior
668 2766 901 2841 obversaretur,
925 2780 1076 2845 exceptus

63 2852 265 2935 ejurenibus
283 2849 366 2909 sorte
386 2851 525 2910 triclinio
543 2850 685 2932 egressis,
702 2856 785 2913 male
800 2856 965 2911 mulcatur.
995 2851 1076 2909 'Hu-

61 2938 113 3023 jus
125 2936 174 3009 rei
187 2938 318 3019 ignarus
334 2936 536 3012 Demetrius,
565 2943 636 3017 quin
652 2939 868 3019 commiffatum,
893 2937 1016 3016 inquit,
1038 2928 1078 2991 ad

18 3070 32 3105 ·.
54 3022 194 3107 fram
214 3023 314 3085 imus?
343 3039 373 3083 et
389 3026 465 3084 iram
488 3025 566 3105 ejas,
599 3021 702 3105 fiqua
724 3044 761 3084 ra·
782 3017 941 3083 certamine
957 3016 1077 3091 reddet,
1126 3094 1129 3105 γ

20 3152 42 3191 ᾗ
58 3106 249 3193 [inplicitum
276 3127 306 3169 et
333 3103 484 3169 hilaritate
513 3107 611 3185 nollra
640 3108 786 3171 lenimus?
831 3114 952 3173 Omnes
973 3104 1005 3165 se
1028 3104 1079 3163 ire

10 3218 12 3255 :
62 3196 326 3271 mammarum,
346 3211 475 3276 praeter
487 3216 557 3270 eos,
579 3195 632 3276 qui
645 3195 849 3278 speculatoris
865 3199 903 3253 ab
918 3193 949 3252 sc
964 3188 1078 3275 pulsati

10 3276 267 3365 ’ζ”ᾙείεηῑεῐη
290 3282 448 3341 ultionem
469 3284 663 3341 metuebant.
707 3303 848 3342 corneos
872 3300 994 3362 quoque
1011 3276 1079 3336 De·

10 3364 19 3424 ’.
63 3364 194 3441 me
211 3368 370 3443 traheret,
385 3366 509 3428 ferrum
523 3366 607 3428 veste
622 3365 832 3443 abdiderunt,
850 3390 911 3451 quo
926 3365 956 3427 se
972 3364 1079 3436 tutari,

10 3496 13 3503 ·
61 3448 163 3537 fit'pta
175 3456 224 3519 vis
237 3456 345 3531 fieret,
368 3444 502 3537 possent.
548 3453 640 3515 Nihil
661 3455 775 3514 occulti
792 3454 854 3514 esse
875 3454 914 3515 in
929 3450 1082 3513 intestina

12 3538 40 3621 ζ’.
59 3538 224 3613 discordia
244 3538 354 3625 potest.
399 3555 531 3621 utraque
561 3538 671 3599 domus
693 3539 923 3622 speculatorum
950 3555 981 3597 et
1008 3554 1081 3617 pro·

10 3642 17 3675 ¹
47 3626 206 3709 diturum
220 3630 320 3711 plena
335 3642 412 3687 erat.
443 3627 659 3687 Praecucurrit
673 3627 775 3687 index
792 3628 833 3688 ad
849 3627 960 3688 Persea
968 3628 980 3698 ‚'
993 3622 1081 3683 ferro

10 3692 45 3843 ἰ.
55 3712 241 3797 &acinetos
255 3715 415 3793 nuntians
432 3732 505 3779 eum
518 3712 691 3789 Demetrio
712 3731 847 3798 quatuor
867 3704 1083 3804 adolescentes

10 3823 73 3919 [με
94 3838 142 3879 a,
244 3808 272 3889 J
337 3836 340 3841 ·
567 3798 662 3860 Eec
959 3809 1082 3856 venue.
