2354 4140
51 221 56 233 ,
210 122 369 205 LIBER
399 120 541 190 xxxvl.
587 127 910 199 Car.V.v1.v11.
1014 150 1119 225 ²27⁸,

71 233 381 302 „.ueffl.
569 300 571 305 ,
705 237 857 298 ιΟΜ

880 259 891 300 ι
924 260 950 300 ι.

60 370 144 430 erat,
167 351 245 435 quid
259 348 480 429 responderet,
501 352 617 433 legatos
632 349 664 411 se
678 353 842 416 missurum
861 260 968 421 adqeos¹
984 362 1077 443 dixit,
1161 416 1164 421 .

58 441 117 525 qui
140 437 181 499 de
203 440 259 516 iis,
279 456 359 523 quae
377 432 418 498 ad
433 436 504 499 illos
520 435 615 523 seque
629 443 843 505 communiter
857 448 1074 530 pertinerent,
1098 518 1102 533 ,

58 524 281 609 loquerentur.
560 540 569 549 “

168 701 223 762 Vl.
237 698 286 760 iln
301 692 766 779 Boeotiamipseprosectusest,
776 700 881 766 causas
891 706 1072 790 inspeciem

61 785 132 847 tna
146 783 294 848 adversus
309 788 474 847 Romanos
489 803 562 859 eas,
583 802 659 865 quas
676 786 751 846 ante
770 787 854 867 dixi,
879 792 1073 877 habentem3
1110 812 1119 839 s

53 872 253 957 Brachyllae
271 892 406 949 necem,
427 888 460 932 et
472 869 592 931 bellum
605 872 784 951 aQuinctio
793 876 974 957 Coroneae,
1002 904 1073 965 pro

60 974 136 1044 pter
149 961 372 1023 Romanorum
387 959 526 1019 militum
540 954 671 1034 caedes,
704 960 824 1021 illatum
836 985 845 1039 ;
872 987 909 1026 re
924 989 999 1028 vera
1013 991 1074 1051 per

59 1046 164 1107 multa
194 1047 257 1128 jam
285 1045 387 1107 secula
416 1045 542 1129 publice
565 1044 775 1127 privatimque
796 1049 926 1111 labante
948 1056 1074 1137 egregie

58 1130 227 1215 quondam
247 1132 415 1217 disciplina
435 1131 557 1216 gentis,
590 1147 622 1190 et
643 1134 813 1193 multorum
837 1159 874 1195 eo
898 1136 993 1216 stam,
1017 1142 1073 1223 qui

60 1218 234 1281 diuturnus
250 1219 312 1281 esse
328 1220 395 1280 line
410 1218 586 1279 mutatione
593 1238 701 1278 rerum
716 1240 783 1279 non
802 1221 910 1302 pnss'et.
935 1228 1072 1289 Obviam

61 1303 171 1367 efnfis
187 1305 329 1390 undique
345 1306 492 1368 Boeotiae
505 1300 715 1387 principibus,
738 1306 865 1369 Thebas
880 1312 978 1373 veuit.
1025 1317 1072 1376 ibi

63 1391 104 1453 in
124 1392 259 1456 concilio
281 1394 402 1478 gentis,
426 1412 607 1475 quanquam
622 1409 653 1451 et
667 1392 708 1451 ad
721 1392 872 1474 Delium,
895 1401 1015 1482 impetu
1033 1402 1073 1463 in

60 1476 253 1562 praesidium
260 1481 446 1541 Romanum
460 1476 554 1554 facto,
572 1496 604 1538 et
621 1476 661 1537 ad
674 1479 857 1543 Chalcidem
867 1487 1070 1549 commiserat

60 1585 126 1627 nec
147 1588 166 1627 a
193 1568 299 1651 parvis
319 1562 383 1627 nec
402 1565 508 1626 dubiis
527 1564 696 1647 principiis
714 1568 848 1646 bellum,
871 1587 978 1635 tamen
996 1596 1070 1635 can.

57 1650 135 1713 dem
149 1655 328 1714 orationem
342 1651 480 1727 exorsus,
501 1652 614 1733 quain
629 1652 785 1733 colloquio
799 1657 905 1737 primo
919 1659 960 1723 ad
977 1662 1070 1721 Chal.
1161 1712 1164 1717 .

57 1737 183 1815 cidem,
211 1759 335 1822 quaque
358 1760 418 1820 per
439 1737 560 1817 legatos
577 1736 616 1793 in
631 1739 767 1798 concilio
781 1738 980 1807 Achaeorum
997 1748 1070 1809 rasus

57 1842 144 1899 erat,
172 1839 208 1890 ut
229 1824 400 1884 amicitiam
425 1820 532 1881 secum
554 1819 691 1896 institui,
730 1844 801 1882 non
827 1829 943 1891 bellum
966 1834 1070 1895 indici

57 1896 225 1971 Romanis‘
239 1906 427 1992 postularem
446 1907 637 1983 neminem,
652 1905 728 1988 quid
743 1926 905 1991 ageretur,
928 1916 1066 1979 fallebat.

59 1994 225 2056 decretum·
249 2012 357 2057 tamen
378 1992 433 2054 sub
458 1994 523 2054 leri
542 1995 712 2051 verborum
734 2011 900 2075 praetextu
922 2024 1071 2083 proroga

57 2074 209 2144 aduersus
231 2083 396 2143 Romanos
417 2078 538 2140 sactum
560 2075 631 2155 est„
665 2079 733 2139 Hac
754 2066 877 2162 quoque
897 2104 994 2167 genta
1017 2070 1069 2149 ad·

57 2169 183 2244 uncta,
206 2165 392 2230 Chalcidem
412 2163 583 2249 regressui,
606 2163 781 2246 praemissis
794 2167 872 2230 inde
893 2172 1011 2252 literis,
1035 2191 1071 2235 ut

53 2192 302 2318 lJemetriadem
332 2253 549 2317 convenirent
576 2252 741 2334 principes
762 2251 965 2336 Aetolorum,
995 2283 1070 2344 cum

54 2343 172 2425 quibus
187 2341 228 2405 de
240 2341 362 2409 summa
376 2362 486 2403 rerum
500 2337 702 2415 deliberaret,
725 2341 861 2402 navibus
877 2366 913 2404 eo
929 2346 969 2406 ad
981 2346 1069 2410 diem

11 2439 16 2446 '
55 2426 217 2491 indictam
239 2430 375 2491 concilio
397 2427 496 2491 venit.
519 2424 561 2486 Et
575 2422 793 2505 Amynander
805 2431 920 2493 accitus
934 2433 974 2495 ad
990 2457 1065 2497 con·

53 2512 242 2593 ,tuirandum
256 2537 297 2576 ex
310 2514 519 2580 Athamania:
542 2526 572 2572 et
588 2513 751 2572 Hannibal
767 2516 911 2594 Poenus,
930 2522 995 2603 jam
1009 2522 1067 2583 diu

55 2622 129 2663 non
157 2598 338 2679 adhibitus,
368 2598 515 2665 interfuit
536 2601 566 2659 ei
585 2599 730 2667 concilio.
785 2602 1001 2668 Consultatum
1024 2609 1067 2670 de

51 2686 280 2751 Thelsatomm
300 2704 396 2774 gente
420 2685 481 2763 est,
504 2706 638 2769 quorum
659 2689 825 2765 omnibus,
850 2693 904 2771 qui
918 2686 1065 2773 aderant,

50 2777 204 2838 *voluntas
225 2776 383 2852 tentanda
402 2774 577 2838 videbatur.
621 2773 660 2841 in
676 2794 713 2833 eo
725 2775 821 2836 modo
837 2774 978 2841 diversae
993 2780 1064 2841 sen·

55 2863 177 2923 tentiae
195 2878 306 2940 erant3
333 2861 419 2948 quod
432 2860 487 2923 alii
500 2861 660 2942 extemplo
674 2861 851 3005 agendum
874 2865 928 2925 alii
942 2887 984 2927 ex
997 2868 1063 2927 hie·

56 2964 129 3031 me,
150 2970 229 3031 quae
255 2967 323 3013 tum
344 2948 447 3014 ferme
462 2939 569 3011 media
581 2962 666 3023 erat,
713 2944 913 3033 ifferendum
926 2951 963 3011 in
978 2955 1064 3014 verit

56 3032 273 3119 principium
301 3052 334 3100 et
355 3037 410 3099 alii
423 3038 541 3121 legatos
555 3032 777 3094 tantummodo
793 3034 986 3098 mittendos:
1010 3040 1069 3101 alii-

47 3128 130 3181 'cum
145 3125 298 3187 omnibus
319 3124 418 3208 copiis
442 3120 586 3185 eundum
606 3117 798 3197 censebant,
830 3122 1065 3210 terrendosque·

51 3222 159 3287 motu,
180 3207 204 3271 ti
217 3226 455 3274 cunctarentur.

30 3404 34 3411 ·
53 3390 58 3403 '
83 3432 86 3437 -
132 3394 139 3401 '
157 3382 232 3447 vlt.
252 3384 334 3447 Cum
346 3384 430 3445 circa
444 3382 533 3445 hanc
546 3376 617 3442 sere
629 3374 895 3441 consultationem
909 3377 1063 3467 discepta-
1125 3386 1129 3393 '

53 3468 102 3530 tio
114 3471 221 3533 muttit
233 3486 428 3546 verteretur,
452 3468 627 3553 Hannibal,
642 3465 835 3527 nominatim
850 3467 1064 3552 interrogatur

48 3552 267 3637 senteutiam,
296 3559 336 3619 in
355 3554 496 3618 universi
516 3554 592 3636 belli
607 3553 953 3638 cogitationemregem
970 3572 1065 3635 atquo
1150 3620 1157 3633 ,

48 3654 124 3718 tos,
151 3644 207 3727 qui
229 3644 384 3721 aderant,
408 3644 464 3704 tali
477 3641 623 3703 oratione
640 3640 769 3701 avertit:
795 3639 849 3720 tt,
873 3661 909 3702 rx
926 3657 984 3721 qut
1000 3654 1069 3698 tre·
1091 3692 1094 3697 .
1158 3648 1163 3653 '

39 3720 184 3815 lewa·
198 3728 438 3817 hm,
459 3721 616 3881 adspirat
641 3725 725 3815 effeta
745 3731 780 3798 ia
806 3725 992 3804 catellinae
1022 3740 1111 3871 nup⁸
