2354 4140
36 184 39 190 Ι
319 90 476 155 tmen
494 96 603 157 xuv.
646 96 735 159 cir.
758 98 843 161 xm.
1016 108 1082 187 5„

269 198 308 257 U·
333 200 372 258 θ’·
391 203 466 271 5³³3·
638 222 665 263 ἃ·
685 202 1079 307 9.·.1.Ῡ;-.159·..-.,.

60 319 204 381 militum
219 316 266 379 ad'
275 318 861 407 Meliboeemturbemoppugnendem
875 325 982 385 enitor.
1018 326 1082 389 Situ

61 405 110 469 elt
130 406 168 467 iu
187 403 624 483 mffinmsutnemomis,
641 428 712 490 qun¹
724 425 815 491 perte
833 410 865 468 in
885 410 1080 491 Thessaliam

63 494 181 575 vergit,
203 494 580 575 opportune-imminens
606 491 701 577 super.
717 494 969 559 Demetriadem.
1016 501 1078 561 Pri·

61 600 133 643 mus
167 576 325 641 aduentus
348 578 483 643 hostium
518 582 654 664 perculit
673 582 802 643 ineoles
819 583 906 645 loci:
939 586 1100 661 col'ectis¹

64 664 184 730 deinde
199 687 240 727 ex
253 668 454 749 necopinato·
463 668 743 750 patore-animis„
766 668 952 731 discurrunt
965 674 1078 737 unnati

62 751 109 813 mi
119 770 225 835 portas
238 774 277 813 ee
292 752 440 829 moenie„
454 756 517 837 qua
532 752 666 837 suspecti
681 752 788 817 aditus·
799 772 907 816 erant:
924 755 1076 841 spemque

60 841 229 924 extemplo.
237 838 424 915 inciderunt
432 884 449 915 ,‚
463 841 532 923 capi
548 841 787 924 primo-impetu
801 840 906 924 posse..
944 843 1073 905 Oblidio

59 928 166 1010 igitur
179 928 366 1010 parabatur,
399 942 430 985 et
449 948 547 1010 opere
568 929 841 1010 oppugnationum
864 930 933 990 lieri
954 936 1074 1011 hoepta.

58 1010 218 1089 Perseus„
236 1034 309 1081 cum
327 1008 483 1090 audiiset,
495 1013 585 1073 fimul
596 1015 786 1075 Meliboeam
801 1037 818 1074 a
834 1015 969 1076 consulis
986 1037 1073 1077 exer-

58 1101 125 1161 citu
138 1100 344 1183 oppugnari„
362 1098 452 1161 limul
466 1100 593 1161 clallem
605 1092 798 1177 loiri-ltere,
814 1118 849 1162 ut
862 1100 941 1162 inde
954 1102 1072 1165 Deme·

59 1184 202 1247 triadem
213 1184 445 1268 aggrederetur,
460 1186 709 1270 Euphranorem
716 1186 879 1271 quendam
888 1210 934 1249 ex
941 1188 1072 1250 ducibus

59 1294 137 1333 eum
149 1270 279 1334 delectis
300 1272 430 1334 duobus.
444 1274 583 1335 millibus
603 1274 795 1335 Meliboeam
819 1276 932 1337 mittit..
966 1275 1072 1337 eidem

21 1428 24 1441 ¹
59 1360 337 1443 imperemm,.ut,
351 1356 409 1422 lie
423 1360 580 1421 Meliboea
595 1359 797 1425 submovisset
810 1364 991 1437 Romanos,
1002 1362 1070 1423 De-

60 1444 249 1511 meteierlem
267 1446 357 1529 prius
368 1448 500 1507 occulto
511 1448 627 1507 itinere
644 1448 800 1523 intraret,
819 1470 915 1531 quam
929 1451 968 1507 ab
986 1450 1082 1527 Iolco¹

58 1532 103 1597 ed
116 1536 231 1597 urbem
244 1531 343 1592 eastra
358 1548 531 1594 moverent·
538 1535 697 1593 Romani..
734 1535 775 1594 Et
793 1538 833 1594 ob
848 1536 1071 1619 oppugnaturi

24 1698 27 1705 Ι
55 1620 334 1695 bueMeliboeee,
353 1640 428 1680 cum
449 1620 487 1679 in
499 1619 712 1702 superioribus
734 1621 810 1683 locis
824 1639 1070 1705 repente-appe·

55 1706 193 1784 millet,
207 1728 280 1767 eum
292 1704 507 1789 trepidatione
522 1707 745 1767 multo-relicte
758 1727 857 1789 opera
869 1706 959 1783 lunt,
975 1710 1069 1789 ignis-

57 1816 126 1877 que·
139 1793 282 1877 injectus.
298 1794 348 1853 itu
362 1812 382 1853 a
395 1794 553 1855 Meliboea
566 1791 741 1853 abscessum
762 1793 826 1856 est..
860 1794 1066 1875 Euphranor,

59 1880 163 1941 Iolutu
170 1882 267 1941 unius
280 1880 368 1940 urhis
385 1877 821 1956 olilidione„Demetriadem
839 1879 1069 1961 extemplodu-

62 1966 121 2029 eit..
146 1983 288 2027 nee-tum
300 1966 437 2027 moenia·
446 1964 559 2041 modo,
581 1964 637 2025 led
651 1984 741 2048 agros
756 1964 1070 2027 etiameonliderunt

57 2052 93 2117 Ie
112 2072 134 2113 tt
148 2050 413 2137 populationibus.
428 2054 510 2113 tueri
533 2050 635 2136 polle:
666 2068 697 2114 et
714 2051 900 2133 eruptiones·
919 2053 956 2111 in
975 2070 1069 2131 vagos

49 2140 259 2225 'populatores
272 2158 343 2199 non
356 2137 424 2198 line
438 2140 624 2201 uulneribus
639 2137 774 2199 hostiurm
791 2137 891 2198 laetae
901 2136 974 2197 [unt
1002 2137 1067 2196 Cir-

54 2225 215 2289 emittenti
227 2240 341 2286 tamen
357 2226 488 2285 moenia
500 2224 575 2285 sunt
590 2241 718 2309 praetor
734 2242 765 2285 et
776 2246 852 2300 rex,
876 2222 968 2283 fitum
980 2222 1068 2281 urbis

55 2314 329 2395 contemplantes,
351 2310 457 2394 liquo
465 2328 555 2396 parte
575 2326 700 2373 tentore
715 2327 768 2377 aut
779 2326 942 2393 opere-eut
958 2306 1067 2391 vipol·

56 2398 144 2463 tent,
181 2400 283 2461 Fame·
299 2395 383 2473 fuit„
402 2417 464 2480 per
475 2396 655 2479 Cydantem
671 2395 854 2457 Cretensem
877 2412 909 2457 et
923 2394 1068 2457 Antima-

58 2486 229 2567 cltum,·qui
237 2482 439 2547 Demetriadi
447 2501 609 2565 praeerat„
619 2485 878 2546 transactointer
886 2477 1079 2565 Eumenem
1103 2544 1107 2553 ,

57 2586 92 2635 et
107 2570 217 2647 Persea·
230 2569 439 2633 uenditiones.
446 2571 612 2633 amicitiae.
628 2573 668 2630 ab
675 2567 891 2632 Demetriade.
900 2586 990 2633 certe
1000 2572 1068 2628 abs-

56 2656 179 2721 eeffum
196 2656 249 2721 elt'.
291 2657 461 2717 Eumenes:
475 2655 521 2718 ad,
535 2656 698 2719 consulem
718 2658 871 2741 nevigatz.
887 2658 1067 2740 gratulatum,

39 2742 153 2831 :quotl'
162 2744 319 2829 prospere·
333 2741 561 2821 Macedoniam·
575 2743 744 2820 intraffet,
766 2747 952 2829 Pergamum
967 2745 1006 2805 in
1019 2761 1067 2802 re·

54 2830 160 2917 gn'um
173 2832 255 2893 altit„
292 2830 428 2891 Marcius
440 2831 564 2914 Figulus
585 2846 731 2915 praetor,
752 2848 842 2914 perte
856 2830 959 2913 olallis
970 2831 1007 2889 in
1022 2827 1070 2887 hi·

15 2924 27 2985 ’,
56 2920 161 2979 berna
168 2916 332 2981 Sciathum·
344 2915 434 2977 mille
440 2962 458 2993 „
471 2939 544 2978 cum
557 2918 687 2999 reliquis
700 2920 835 2979 navibus
844 2918 966 2977 Oreum
971 2916 1069 2973 Boeo·

56 3005 123 3067 tiae
142 3004 249 3088 petit,
269 3025 339 3064 eam
355 3005 469 3073 urbem
486 3002 792 3089 eptiffimemretus,
822 2998 1068 3063 undeexerciti-
1098 3014 1102 3023 ’

23 3130 42 3169 ‘.
51 3094 138 3169 uus,
152 3090 258 3174 quiin
272 3087 479 3166 Macedonia,
502 3092 675 3173 quiquein.
685 3089 847 3150 Thessalia·
860 3102 969 3161 erent,
986 3084 1077 3144 mitti·

27 3236 30 3241 .
52 3193 249 3241 'eommeatus
263 3175 405 3261 pollent„
442 3176 499 3242 De
510 3176 662 3237 Eumene·
671 3195 746 3257 rege
760 3176 857 3255 longe
871 3171 995 3234 diversa
1009 3186 1070 3231 tre-

54 3262 165 3337 dunt'
194 3264 227 3327 Si
244 3264 376 3329 Valerio
387 3260 511 3325 Antiati
526 3261 661 3336 eredas,
677 3262 746 3320 'nee
759 3259 854 3321 claffo
873 3259 1016 3343 atljutum
1029 3260 1069 3317 ab

14 3373 19 3391 ¹
54 3364 286 3439 'eopreetorem
295 3348 369 3425 elle,
385 3372 460 3411 cum
472 3348 564 3432 laepe
573 3369 646 3409 eum
654 3346 754 3407 literis
764 3345 942 3424 arceffisset,
955 3344 1069 3421 tredit;

45 3460 123 3501 nec
133 3458 208 3499 oum
219 3436 320 3523 gratia
333 3438 372 3495 ah
386 3432 709 3519 eonsulelprolectum
726 3434 764 3495 in
775 3431 898 3511 Aliam,
920 3430 1069 3515 indigna·

57 3540 144 3602 tum,
164 3523 271 3607 quod,
297 3538 334 3581 ut
352 3522 468 3583 iisdem
484 3521 589 3581 cestris
604 3517 769 3597 tenderet,
798 3519 985 3601 permissum
999 3538 1071 3580 uon

49 3610 165 3673 fuerit.
208 3630 254 3671 ne
273 3624 309 3667 ut
324 3610 444 3689 equites
461 3608 591 3691 quidem
605 3607 731 3683 Gallos,
761 3628 839 3690 quos
853 3607 961 3669 lecum
974 3602 1070 3663 eddo-

57 3713 168 3779 xeret,
196 3696 414 3779 relinqueret,
438 3693 721 3779 impetrari-alteo
742 3694 886 3780 potuille.
929 3688 1073 3758 Attalum

556 3780 659 3869 Ppr,
957 3857 964 3863 .
1019 3772 1092 3877 ‘³¹³1
