2354 4140
78 331 143 415 goti
161 329 201 389 in
214 327 382 389 Graeciam
405 322 507 409 missi,
539 324 708 403 Corcyram
724 323 866 407 pedinun
882 329 972 387 mille
989 328 1096 407 secum

79 416 297 479 advexerunt:
322 413 369 477 ibi
382 412 470 475 inter
491 408 523 471 se
545 426 576 470 et
597 412 761 493 regiones,
791 432 867 493 quas
891 415 1041 491 obirent,
1064 432 1096 477 et

30 566 34 579 ,
79 502 205 570 milites‘
217 498 402 563 diviserunt.
462 496 628 561 Decimius
657 496 765 561 missus
786 496 830 557 est
852 498 893 559 ad
915 502 1093 579 Gentium,

34 664 37 669 Ι
79 610 190 673 regem
209 586 409 671 Illyriorum,
440 604 552 667 quem,
586 582 609 643 li
629 585 765 666 aliquem
786 582 965 667 respectum
987 590 1094 651 amici-

80 678 143 739 tiae
163 695 237 735 eum
257 672 376 735 habere
400 686 565 745 cerneret,
593 686 734 748 tentare,
760 687 815 731 aut
836 672 993 735 etiamad
1020 676 1097 737 belli

80 762 268 825 societatem·
281 760 436 842 perlicere
463 754 568 839 jussus.
636 758 764 821 Lentuli
785 758 822 817 in
850 760 1092 843 Cephalleniam

81 846 180 923 milli,
209 862 244 907 ut
262 846 299 907 in
312 842 564 927 Peloponnesum
586 844 785 926 trajicerent,
809 866 959 929 oramque
982 848 1091 925 maris,¹

81 937 119 998 in
133 931 334 1015 occidentem
349 930 446 1005 versi,
464 946 540 993 ante
555 929 693 991 hiemem
712 931 926 1012 circumirent.
971 936 1094 996 lllarcio

80 1039 112 1085 et
124 1020 223 1089 Atilio
244 1019 379 1102 Epirus,
424 1016 569 1092 Aetolia,
615 1034 647 1077 et
661 1017 820 1081 Thessalia
840 1020 1097 1082 circumeundae.

80 1106 285 1191 assignantur,
332 1102 415 1165 Inde
442 1103 603 1167 Boeotiam
633 1118 724 1187 atque
750 1100 921 1193 Eubceam,
950 1106 1092 1194 aspicere

79 1192 166 1277 jusli3
186 1210 253 1257 tum
269 1193 307 1252 in
315 1189 569 1273 Peloponnesum
586 1192 739 1273 trajicere.
760 1192 1039 1277 ibi'congressuros
1055 1192 1090 1255 se

80 1304 154 1343 cum
175 1278 317 1343 Lentulis
345 1275 550 1342 constituunt.
603 1279 785 1363 Priusquam
805 1278 1052 1362 digrederentur
1072 1301 1091 1339 a

81 1368 236 1449 Corcyra,
264 1364 374 1427 literae
390 1384 410 1422 a
427 1361 537 1427 Perseo
552 1362 644 1425 allata
663 1363 752 1442 sunt,
777 1367 888 1447 quibus
908 1368 1090 1450 quaerebat,

81 1474 161 1533 quae
183 1448 272 1514 causa
285 1450 441 1513 Romanis
457 1465 510 1511 aut
530 1451 568 1512 in
583 1452 750 1511 Graeciam
772 1453 950 1532 trajiciendi
971 1454 1090 1538 copias,

81 1554 134 1602 aut
150 1540 244 1599 urbes
264 1536 459 1621 occiipandi,
489 1534 587 1599 esset?
632 1540 689 1599 Cui
704 1536 834 1601 rescribi
849 1540 931 1601 nihil
950 1541 1092 1625 placuit3

80 1624 197 1687 nuntio
217 1622 328 1706 ipsius,
359 1624 412 1706 qui
431 1624 537 1687 literas
556 1625 715 1701 attulerat,
750 1624 829 1702 dici,
851 1622 991 1705 praefidit'
1006 1624 1093 1705 eausa

82 1710 210 1794 ipstrrum
232 1708 349 1771 urbium
367 1708 511 1773 aomos
523 1709 640 1793 fluere.
682 1713 825 1789 Lentuli,
854 1713 1092 1775 circumeuntes

15 1810 17 1815 '
83 1795 291 1881 Peloponnesi
306 1795 440 1887 oppida,
449 1819 527 1859 ‚cum
541 1796 608 1859 fine
621 1796 805 1863 discrimine
819 1799 930 1860 omnes
946 1800 1093 1862 civitates

81 1883 344 1959 adhortarentur,
366 1899 417 1957 ut,
441 1906 503 1965 quc
518 1885 643 1959 anino,
666 1906 727 1967 qua
742 1883 805 1947 fide
820 1883 1010 1969 adjuvissent
1024 1888 1090 1947 Ro·

81 1992 209 2047 roanos,
225 1969 362 2053 Philippi
378 1970 538 2051 primum,
551 1970 671 2037 demde
685 1968 838 2035 Antiochi
854 1974 952 2048 bello,
971 1971 1090 2033 eodem

80 2057 226 2123 adversus
248 2054 357 2122 Persea
371 2055 536 2137 juvarent,
565 2055 727 2119 fremitum
749 2058 787 2119 in
808 2061 1016 2121 concionibus
1033 2079 1086 2119 au-

81 2144 229 2209 diebant:
243 2140 379 2209 Achaeis
394 2140 649 2227 indignantibus,
664 2143 774 2205 eodem
792 2142 824 2209 se
838 2146 906 2203 loco
920 2144 1006 2221 esse,
1017 2144 1087 2227 (qui

83 2233 190 2297 omnia
211 2250 231 2294 a
244 2228 411 2316 principiis
426 2229 625 2295 Macedonici
646 2231 721 2291 belli
734 2230 957 2311 praestitissent
969 2234 1089 2295 Roma·

79 2323 148 2395 nis,
179 2333 211 2381 et
231 2306 448 2383 Macedonum
466 2316 605 2404 Philippi
624 2318 708 2377 bello
730 2316 832 2377 hostes
857 2316 1000 2395 fuissent)
1021 2340 1089 2403 quo

79 2402 229 2469 Lisesscnii
248 2419 343 2484 atque
361 2400 444 2481 Elii,
475 2403 532 2485 qui
552 2426 610 2486 pro
631 2401 792 2483 Antiocho
814 2404 900 2467 hoste
913 2426 1011 2469 arma
1031 2404 1088 2467 ad·

79 2490 183 2553 versus
195 2490 349 2575 populum
356 2490 541 2552 Romanum
554 2488 712 2565 tulissent3
731 2510 784 2567 ac,
804 2511 909 2573 nuper
924 2492 961 2551 in
968 2490 1086 2555 Achai·

79 2600 151 2655 cam
165 2574 339 2635 contributi
353 2575 541 2655 concilium,
564 2578 841 2665 velut'pracmium
854 2578 929 2641 belli
941 2577 973 2641 se
987 2580 1082 2641 victo·

79 2668 163 2727 ,ibus
177 2660 314 2725 Achaeis
334 2656 418 2723 tradi
431 2680 650 2747 quererentur¹

163 2832 336 2897 XXXVIII.
356 2837 496 2901 Marcius
515 2852 547 2899 et
560 2833 676 2901 Atilius
696 2833 737 2898 ad
751 2836 903 2915 Gitanas,
924 2836 1017 2923 Epiri
1027 2858 1080 2922 op·

77 2921 189 3011 pidum
203 2921 315 2983 decem
329 2923 431 2989 millia
444 2927 484 2987 ab
500 2925 687 2999 marimum
701 2922 929 3001 ascenderent,
944 2916 1082 2998 coneilio

77 3010 280 3093 {piratarum
300 3008 425 3087 habito,
453 3031 527 3072 cum
547 3028 666 3095 magno
679 3010 824 3074 omnium
845 3008 968 3073 assensu
982 3008 1082 3074 auditi

76 3098 165 3161 simt:
195 3112 226 3160 et
243 3094 493 3181 quadringentos
513 3096 686 3181 juventutis
700 3118 814 3161 eorum
828 3098 866 3159 in
882 3094 1024 3173 Orestas,
1045 3112 1081 3157 ut

75 3182 229 3266 praesidio
249 3181 352 3248 esseut
369 3184 523 3249 libertatis
537 3186 576 3242 ab
596 3181 628 3245 se
645 3182 892 3258 Macedonibus,
905 3174 1079 3246 ‘miserunt

76 3268 158 3333 Inde
182 3271 221 3333 in
239 3266 396 3334 Aetoliam
417 3269 583 3358 progressi,
612 3291 649 3333 ac
668 3292 783 3357 paucos
803 3271 849 3333 ibi
867 3271 983 3332 morati
999 3269 1077 3347 dies,

76 3357 152 3419 dum
167 3358 205 3419 in
221 3358 375 3442 praetoris
390 3358 506 3422 mortui
526 3358 631 3422 locum
646 3358 724 3419 alius
737 3355 949 3435 sufficeretur,
974 3372 1005 3419 et
1018 3360 1079 3438 Ly·

74 3443 154 3505 cisco
169 3457 313 3528 praetore
326 3441 421 3520 secto,
434 3466 528 3529 quem
542 3446 763 3507 Romanorum
776 3442 885 3507 sasere
898 3447 994 3507 rebus
1007 3442 1081 3506 satit

75 3544 273 3613 compertum
292 3546 380 3608 erat,
401 3532 596 3593 transierunt
617 3532 654 3593 in
669 3530 870 3595 Thessaliam.
914 3529 963 3593 Eo
983 3528 1080 3613 legati

71 3615 297 3690 acarnanum,
314 3631 345 3679 et
352 3616 541 3681 Boeotorum
555 3614 675 3681 exsules
690 3635 859 3683 venerunt.
886 3614 1079 3681 Acarnanes

64 3704 221 3769 ararniare
241 3699 337 3795 jussi,
381 3704 464 3793 Quae
488 3701 625 3790 Philippi
642 3707 790 3791 primum,
819 3700 960 3769 Antiochi
975 3701 1080 3850 alpense

281 3806 284 3811 '
776 3804 779 3809 ’
1017 3813 1030 3850 t
1052 3810 1080 3862 ⁰5
