2354 4140
69 70 278 207 ÷
319 104 476 171 muna
498 108 577 168 xtt.
606 60 709 173 ¹om.
729 114 835 175 1x.x.·
1031 86 1099 201 4⁰39

279 214 321 273 U.
351 214 385 273 C.
413 218 487 290 575.
637 236 664 275 a.
689 218 722 276 C.
748 218 789 277 N.
808 236 877 295 177.

71 293 681 325 n——--·——q=u-—--
1010 322 1016 331 Ι

71 349 145 408 tur,
181 331 327 415 prodigia
350 334 499 395 nuntiata
519 334 600 398 sunt.
643 338 796 419 Lapidem
818 340 857 399 in
878 361 954 422 agro
969 342 1094 403 Crustu-

73 421 168 481 mino
181 419 219 479 in
235 419 342 479 lacum
351 421 463 481 Martis
478 420 520 481 de
535 423 626 483 coelo
638 422 796 487 cecidisse.
839 428 973 487 Puerum
985 431 1095 491 trunci

69 504 219 589 eorporis
240 507 279 566 in
304 527 379 589 agro
394 508 546 591 Romano
562 524 692 586 natum,
722 525 754 571 et
773 511 1012 595 quadrupedem
1034 536 1091 579 au·

60 592 168 677 ,guam
180 590 298 655 risum:
329 608 362 653 et
375 595 501 677 Capuae
522 597 622 655 multa
642 597 680 655 in
695 594 767 657 soro
782 596 924 659 aedilicia
940 599 980 659 de
1000 606 1091 663 coelo

57 696 173 743 ..taetat
202 696 235 739 et
251 679 385 741 Puteolis
400 678 478 743 duae
494 702 598 748 ,naves
616 680 763 745 fulminis
782 684 848 743 ictu
869 705 1090 750 concrematas

57 766 146 849 tasse,
167 768 260 827 Inter
274 766 371 842 haee,
388 768 468 850 quae
484 770 735 845 nuntiabantur,
755 770 849 853 lupus
864 772 958 833 etiam
966 774 1090 837 Romae

74 852 381 937 interditiagitatuS,
402 876 476 915 cum
484 854 609 916 Collina
620 872 712 938 porta
725 856 886 933 intrasset,
903 880 962 940 per
976 858 1087 941 Esqui-

73 935 314 1025 linam'magno
327 938 577 1005 consectantium
592 946 728 1004 tumultu
744 942 848 1005 evasit.
882 943 1001 1005 Eorum
1014 970 1086 1030 pro-

72 1026 231 1112 digiorum
247 1026 337 1087 causa
356 1027 500 1101 consules
515 1030 650 1113 majores
663 1029 778 1091 hostias
800 1031 1024 1109 immolarunt,
1052 1049 1086 1093 et

72 1110 159 1177 diem
174 1136 278 1174 unum
292 1116 376 1175 eirca
395 1116 507 1177 omnia
526 1117 708 1199 pulvinaria
721 1117 904 1199 supplicatio
919 1118 988 1181 suit.
1032 1121 1084 1181 Sa-

73 1202 199 1263 orificiis
221 1202 283 1261 rite
302 1200 469 1284 perfectis,
498 1203 682 1285 provincias
711 1202 813 1265 sortiti
831 1204 924 1265 sunt:
952 1206 1084 1268 Claudio

57 1288 180 1365 ,istria,
201 1289 391 1371 Sempronio
407 1288 554 1351 Sardinia
568 1291 709 1351 obvenit.
753 1292 878 1373 Legem¹
887 1290 966 1353 dein
981 1292 1022 1355 de
1036 1294 1084 1353 so-

71 1376 137 1459 tiis,
164 1376 199 1435 C.
221 1372 369 1435 Claudius
389 1377 462 1437 tulit
483 1374 770 1452 senatusconsulto,
815 1395 847 1438 et
869 1376 984 1441 edixit:
1026 1382 1083 1460 qui

59 1460 139 1543 -srcr't‘
157 1482 190 1523 ut
211 1460 335 1522 nominis
352 1460 471 1538 Latini,
515 1460 572 1545 ipfi
595 1466 753 1546 majoresve
777 1483 897 1538 eorum,
924 1464 973 1525 M.
994 1464 1083 1527 Clau·

58 1546 138 1623 tiit,
167 1544 202 1607 T.
224 1546 366 1627 Quinctio
388 1568 438 1608 ειη
450 1547 569 1622 oribus,
598 1547 719 1630 postque
736 1571 785 1623 ea,
814 1552 897 1631 apud
911 1554 1010 1634 sotios
1031 1574 1081 1613 no·

53 1637 155 1703 ,niuis
179 1632 281 1695 Latini
298 1632 373 1715 ttttfi
396 1657 409 1695 e
434 1653 501 1711 ert,
545 1653 580 1694 ut
601 1655 694 1695 omres
716 1640 748 1696 in
758 1637 845 1717 suam
866 1643 990 1721 quisque
1010 1644 1082 1703 tivi·

64 1740 159 1787 utem
180 1738 253 1781 um·
267 1718 408 1783 Kalendas
433 1720 612 1783 Novembres
636 1720 781 1783 redirem.
833 1726 998 1801 Quaestio,
1025 1728 1081 1809 qui

62 1808 112 1871 ita
134 1828 208 1869 non
222 1806 393 1885 redissent,
422 1810 456 1869 L.
472 1808 628 1869 Mummio
641 1810 781 1891 praetori
797 1807 926 1869 decreta
940 1810 993 1871 est.
1036 1812 1080 1873 ad

63 1894 180 1979 legem¹
191 1892 368 1955 etediotum
382 1892 518 1955 consulis
530 1894 837 1955 senatusconsultum
852 1896 1008 1979 adjectum
1017 1898 1076 1959 cst:

61 2000 103 2043 vt
127 1978 272 2057 dictator,
300 1978 418 2064 consul,
446 1985 604 2053 interrex,
631 1984 749 2063 crnJor,
779 2000 905 2061 praetor
928 1988 1078 2063 quirunt

57 2066 154 2151 effer,
196 2070 279 2149 apud
303 2086 403 2128 eoram
428 2085 514 2147 quem
539 2070 809 2136 manumitteretur,
853 2071 885 2128 tr
914 2067 1078 2131 libertatem

56 2154 293 2227 vindicaretur,
335 2171 371 2213 att
387 2151 599 2237 jusjurandum
619 2151 724 2221 daret,
767 2158 820 2235 qui
842 2174 905 2214 eutr
924 2160 1079 2216 manumit-

56 2258 164 2317 teret,
193 2236 324 2301 deitatis
345 2240 500 2303 mutandae
520 2238 601 2321 confit
621 2256 706 2299 manu
728 2258 785 2300 aon
800 2244 935 2300 mittere:
965 2244 1020 2323 qui
1040 2241 1076 2303 id

55 2346 134 2387 non
147 2328 276 2410 juraret,
290 2346 363 2387 eum
377 2324 672 2387 manumittendum
684 2346 755 2385 non
769 2327 970 2388 censuertmt.
989 2332 1076 2389 Haeo

56 2414 98 2475 in
112 2412 276 2497 posterum
293 2412 384 2473 causa
404 2414 543 2497 jurisque
558 2410 655 2473 dictio
678 2413 713 2473 C.
732 2411 862 2473 Claudio
884 2414 1006 2477 consuli
1021 2414 1075 2479 de·

56 2516 150 2563 oreta
161 2498 216 2561 est.
300 2542 303 2547 -
997 2550 1000 2555 .

58 2694 67 2727 ι·
95 2698 109 2733 -.·
146 2672 187 2735 X.
207 2671 298 2735 Dum
319 2671 400 2735 haec
419 2672 543 2735 Romae
563 2688 734 2755 geruntur,
776 2673 821 2733 M.
843 2674 957 2735 Junius
981 2688 1014 2731 et
1034 2670 1075 2735 A.

55 2760 221 2836 Manlius,
247 2760 303 2842 qui
322 2761 430 2842 priore
444 2782 533 2821 anno
549 2759 693 2819 consules
713 2758 860 2836 fuerant,
888 2782 961 2821 cum
975 2757 1073 2840 Aqui-

56 2846 142 2927 leiae
149 2844 390 2925 hibernassent,
404 2847 564 2930 principio
580 2847 663 2917 veris
678 2846 715 2905 in
725 2845 807 2907 fines
817 2845 968 2907 Istrorum
984 2866 1074 2905 exer-

57 2934 161 3003 citum
172 2931 439 2995 introduxerunt:
454 2935 509 2995 ubi
523 2956 595 2993 cum
612 2928 711 2992 effuse
726 2934 965 3015 popularentur,
982 2930 1074 2999 dolor

56 3020 160 3105 magis
176 3036 208 3081 et
223 3019 404 3103 indignatio
418 3019 515 3103 diripi
529 3040 581 3079 res
596 3018 664 3079 suas
681 3035 852 3079 cernentes
860 3018 963 3092 Istros,
979 3036 1075 3097 quam

55 3124 148 3171 oerta
162 3106 252 3191 spes,
275 3104 345 3169 satis
361 3105 419 3168 sibi
434 3108 550 3169 virium
565 3102 713 3167 adversus
730 3103 809 3165 duos
817 3104 998 3184 :exercitum
1023 3124 1074 3163 ex·

57 3192 147 3268 oirit.
189 3192 345 3255 ooneursu
357 3192 406 3255 ex'
417 3194 565 3255 omnibus
580 3190 704 3275 populis
716 3192 887 3275 juventutis
902 3187 1002 3264 sacto,
1025 3210 1075 3253 re·

54 3280 217 3363 ,pentinus
236 3294 268 3341 et
287 3282 509 3347 tumultuarius
524 3278 680 3343 exercitus
695 3279 798 3338 aerius
818 3279 927 3359 primo
942 3279 1075 3359 impetu,

63 3386 162 3447 quam·-
180 3366 454 3451 perseverantius,
480 3365 643 3451 pugnavit.
686 3363 741 3424 Ad
760 3380 894 3447 quatuor
907 3364 1009 3424 millia
1026 3384 1075 3423 eo·

62 3470 140 3517 rum
149 3452 268 3515 inacte
279 3452 386 3517 caela:
405 3455 520 3529 ceteri,
538 3444 650 3519 omisso
664 3450 759 3529 bello,
771 3451 810 3511 in
819 3451 957 3531 ciuitates
967 3448 1078 3533 palsun

57 3536 271 3621 diffugerunt.
315 3537 395 3601 inde
411 3542 536 3623 legatos
557 3540 699 3622 primum
719 3535 761 3597 ad
774 3548 886 3619 paoem
901 3534 1078 3620 petendam

54 3626 98 3689 in
114 3624 214 3689 castra
228 3629 395 3709 Romana,
419 3625 540 3689 deinde
555 3623 677 3687 obfides
701 3626 891 3707 imperatos,
912 3622 1078 3683 miserunt.

55 3714 150 3781 Haec
167 3736 244 3799 oum
258 3714 382 3779 Itomae
395 3708 522 3797 cognita
541 3710 888 3878 lipprlpsproconsulum
899 3708 1081 3854 'effimdxss

69 3830 72 3835 ·
1045 3812 1103 3853 au-
