2354 4140
108 126 114 133 ·
190 108 377 175 steen
398 112 461 175 tta.
508 112 595 175 cta
617 83 727 174 xttttt.
747 114 839 175 xxx.
863 116 971 179 ttttttt.
1021 118 1087 221 452

322 220 360 279 U.
385 218 420 279 C.
445 224 519 297 571.
590 216 673 277 'nsi
711 221 749 280 N.
778 232 844 283 titt.

70 346 166 423 rique
198 344 284 419 parti
320 338 512 399 tritu-orum
548 340 641 420 plebis
674 340 850 415 videretur,
887 342 1003 403 domitto
1033 344 1089 429 effe

65 426 254 514 soluendam.
278 424 311 485 id
330 422 429 485 scriba
446 444 516 485 non
530 427 663 508 accepit.
686 428 762 487 libri
783 428 820 487 in
844 430 985 501 comitio,
1009 430 1088 515 igne
1156 441 1159 447 '

74 535 95 576 ι
112 510 303 577 victimariis
318 510 418 588 saoto,
452 513 490 573 in
504 510 675 596 eonspeotu
691 514 801 615 populi
817 517 952 576 cremati
963 514 1044 579 sunt.

153 687 249 749 XXX.
288 688 438 772 Magnum
454 686 571 747 bellum
589 706 625 747 ea
639 684 754 749 aestate
768 705 914 750 coortum
929 688 964 750 in
978 691 1086 775 Hispa·

72 773 131 837 nia
150 773 314 838 citeriore.
358 773 400 835 ad
420 772 563 855 quinque
579 790 613 834 et
634 776 763 858 triginta
785 776 885 837 millia
907 776 1087 855 hominum,

74 878 231 947 quantum
248 880 412 943 nunquam
438 859 538 921 ferme
558 877 670 935 antea,
708 863 859 922 Celtiberi
886 884 1088 947 comparate·

73 967 162 1013 aaut.
206 948 246 1026 Q.
261 946 385 1009 Fulvius
401 948 529 1007 Flaccus
545 967 612 1006 eam
629 949 794 1010 obtinebat
808 953 1031 1031 provinciam·
1047 950 1087 1029 is,

73 1036 150 1119 quie
176 1054 303 1097 armate
330 1036 526 1117 juventutem
551 1035 726 1097 celtiberos
754 1036 917 1111 audierat,
954 1054 986 1100 et
1008 1036 1087 1121 ipse,

76 1138 199 1207 quante
215 1138 347 1207 poterat,
371 1142 389 1181 a
406 1118 499 1182 sociis
516 1121 633 1181 auxilia
649 1140 872 1198 contraxeram
902 1123 955 1185 sed
970 1146 1088 1207 nequa·

75 1222 170 1291 quam
187 1230 323 1271 numero
340 1207 477 1268 militum
493 1208 612 1267 bostem
627 1213 790 1291 aequabat.
823 1212 987 1293 Principio
1003 1211 1087 1274 veris

77 1296 256 1359 exereitum
270 1296 307 1356 in
317 1296 539 1376 Carpetaniam
557 1294 665 1363 duxit,
689 1314 722 1358 et
738 1295 832 1358 eastra
848 1300 964 1359 locavit
982 1298 1020 1360 ad
1034 1321 1089 1381 op·

80 1382 189 1467 pidum
209 1382 387 1459 Aeburam,
410 1382 537 1443 modico
554 1381 708 1464 praesidio
731 1384 768 1443 in
784 1388 863 1445 urbe
877 1383 988 1467 posito.
1013 1388 1088 1445 Pau·

80 1470 123 1533 eie
146 1468 216 1555 post
236 1469 350 1531 diebus
372 1469 543 1543 Celtiberi,
572 1470 672 1529 millia
693 1469 758 1530 duo
783 1470 887 1533 ferme
908 1472 1005 1550 inde,
1032 1472 1089 1533 sub

76 1558 160 1619 ealle
175 1555 353 1641 posuerunt
372 1554 476 1617 eastra.
501 1576 577 1635 quos
600 1559 653 1615 ubi
668 1556 769 1616 adesse
783 1576 909 1641 praetor
924 1562 1090 1621 Romanus

76 1640 189 1719 sensit,
207 1646 250 1707 M.
262 1643 406 1704 Fulvium
425 1640 556 1703 statrem
572 1664 643 1703 oum
663 1642 783 1704 duabus
804 1647 917 1704 turmis
933 1646 1089 1706 sooiorum

76 1730 221 1815 equitum
235 1729 276 1791 ed
293 1729 392 1790 eastra
412 1728 547 1790 hostium
569 1729 759 1811 speculatum
775 1728 873 1803 misit,
902 1754 993 1814 quam
1017 1754 1091 1814 pro·

76 1818 169 1879 xime
187 1816 354 1879 [decedere
371 1816 412 1875 ad
425 1819 539 1877 vallum
554 1814 683 1897 jussum,
704 1832 739 1876 ut
756 1817 886 1894 viseret,
914 1836 1031 1899 quanta
1046 1818 1091 1879 es·
1114 1860 1118 1871 ‚

81 1892 174 1979 seni3
200 1924 302 1989 pogna
325 1902 514 1979 abstineret,
543 1902 764 1986 reciperetque
787 1902 870 1977 sese,
903 1902 927 1962 st
954 1904 1089 1965 bostium

79 1988 256 2073 equitatum
278 2007 449 2053 exeuntem
475 1990 611 2050 vidisset.
657 1993 720 2067 lta,
744 2004 778 2050 ut
791 2006 993 2074 praeceptum
1010 2010 1089 2071 erat,

78 2074 190 2153 secie,
212 2078 270 2139 Per
285 2077 353 2139 dies
367 2078 486 2156 aliquot
507 2077 590 2137 nihil
607 2079 689 2137 ultra
705 2094 841 2154 motum,
870 2100 963 2160 quam
980 2094 1015 2136 ut
1029 2078 1091 2138 liae

78 2164 165 2225 duae
183 2178 305 2225 turmae
328 2163 591 2225 ostenderentur:
631 2164 708 2224 dein
739 2164 1008 2239 subducerentur,
1037 2163 1091 2224 ubi

78 2251 239 2335 equitatus
263 2250 402 2313 hostium
427 2250 534 2312 castris
558 2249 792 2332 procucurisset.
846 2251 1003 2311 Postremo
1020 2252 1092 2311 Cel·

76 2336 197 2415 tiberi,
223 2340 371 2399 omnibus
387 2335 476 2397 simui
492 2337 635 2419 peditum
652 2338 856 2417 equitumque
871 2337 968 2420 copiis
984 2336 1090 2400 castris

41 2418 48 2434 '
78 2420 203 2513 egressi,
221 2424 290 2485 acie
306 2424 429 2489 directa
445 2425 552 2485 medio
568 2424 668 2485 ferme
684 2423 783 2507 spatio
798 2424 884 2485 inter
901 2426 977 2485 bina
992 2423 1091 2486 castra

78 2510 306 2573 eonstiterttnt.
332 2513 467 2593 Campus
475 2529 543 2571 erat
556 2513 670 2594 planus
685 2512 791 2572 omnis
804 2528 836 2571 et
847 2529 937 2590 aptus
954 2532 1091 2593 pugnae.

78 2598 127 2659 ilii
144 2596 259 2659 stetere
274 2598 405 2680 Hispani
424 2598 542 2659 hostem
560 2597 785 2679 exspectantes.
829 2600 989 2660 Romanus
1004 2602 1092 2659 intra
1145 2611 1149 2619 ’

81 2678 202 2747 villum
219 2682 286 2746 suos
298 2686 460 2745 continuit
475 2706 534 2767 per
550 2684 752 2767 quatriduum
763 2686 972 2746 continuum:
994 2702 1028 2747 et
1042 2685 1093 2745 illi

81 2770 196 2833 eodem
212 2772 284 2833 ioco
305 2768 405 2835 aoi'em
427 2771 614 2832 instructam
639 2789 824 2833 tenuerunt.
869 2774 921 2832 Ab
937 2772 1092 2833 Romanis

80 2858 169 2919 nihii
186 2874 314 2922 motum.
366 2857 444 2919 inde
466 2860 616 2939 quievere
637 2860 674 2919 in
691 2858 798 2920 castris
815 2858 989 2932 Celtiberi,
1019 2860 1092 2937 quia

81 2962 210 3029 pugnae
232 2946 324 3027 copia
350 2965 420 3006 non
445 2946 554 3005 siebat:
584 2949 705 3025 equites
725 2963 846 3005 tantum
870 2946 905 3004 in
928 2943 1093 3005 stationem

60 3062 63 3069 ·
82 3032 353 3115 egrediebantur,
384 3050 418 3092 ut
434 3034 533 3113 parati
553 3032 669 3107 essent,
697 3030 812 3115 siquid
828 3035 867 3091 ab
884 3030 973 3091 hoste
992 3050 1095 3091 move-

78 3134 182 3179 retur.
211 3140 295 3201 pone
312 3119 412 3179 castra
431 3119 555 3199 utrique
572 3121 751 3203 pabulatum
773 3136 806 3181 et
827 3120 977 3204 lignatum
993 3117 1096 3191 ibant,

79 3204 194 3267 nentri
217 3208 333 3268 alteros
353 3205 577 3289 impedientes.

73 3396 76 3401 ·
112 3396 132 3421 e
169 3376 280 3439 XXXI.
323 3379 635 3447 PraetorRomanus,
649 3378 703 3437 ubi
714 3376 836 3440 satistot
852 3376 976 3438 dietum
987 3377 1096 3457 quiete

86 3462 222 3527 aedidit
238 3462 323 3546 spem
343 3462 456 3524 saetam
472 3464 570 3539 hosti,
606 3464 691 3523 nihil
705 3460 744 3525 'se
766 3466 906 3547 priorem
922 3480 1096 3536 moturum,

83 3548 274 3613 &Milium
293 3573 365 3613 eum
382 3552 429 3611 ela
446 3548 569 3611 sinistra
584 3566 616 3609 et
633 3549 684 3609 sex
701 3548 1095 3634 millibusprovincialium

80 3638 277 3699 auxiliorum
294 3636 466 3699 circumire
481 3653 621 3697 montem
640 3639 745 3719 jubet,
776 3638 882 3716 quiab
898 3655 986 3719 tergo
1002 3635 1097 3695 hosti-

31 3720 141 3789 ''bttt
162 3740 252 3800 esav,
287 3725 386 3803 inde,
415 3723 469 3785 ubi
493 3726 665 3787 clamatam
688 3724 846 3804 audiiiet,
868 3724 1048 3789 deebriare
1064 3718 1113 3779 ab

570 3811 624 3877 Fi
649 3818 669 3883 5
1027 3801 1138 3865 mixta
