2354 4140
32 134 37 147 “
125 146 129 151 ·
166 156 169 161 ·
231 113 554 185 LIBER‘xxxm.
598 80 925 192 ceaxnnxlvss'
1030 132 1077 211 q5

187 228 229 287 U.
253 229 287 286 C·
308 233 386 299 555·
647 258 655 285 x
701 253 729 289 a.
749 234 783 301 C.
804 234 845 291 N.
874 251 942 317 197.

263 310 1073 335 '‘fi-*mm

10 404 13 421 2
50 369 96 413 tes
118 344 184 433 fito
214 347 364 409 uoluntate
392 352 425 408 ia
448 347 585 408 ditionem
614 344 739 422 nostram
768 369 921 412 venerunt.
974 358 1074 433 Haec,

15 460 19 475 ·
51 458 126 501 cum
152 433 300 495 omnium
321 434 478 494 sociorum
502 431 624 493 assensu
648 432 752 510 dicte,
798 435 916 499 Aetolis
941 442 1075 505 nonin

51 522 240 613 praesentia
267 520 361 581 modo
388 522 495 603 graue
522 520 650 595 auditu,
694 519 749 581 sed
773 543 847 581 mox
871 526 946 587 belli
974 529 1075 589 etiam

53 608 183 685 causae,
210 629 459 690 magnarumque
474 626 564 668 exeo
578 606 734 684 cladium,
753 610 791 669 lis
806 608 947 671 fuerunt.
991 616 1074 675 Cum

55 698 205 779 Philippo
219 695 265 755 ita
283 696 455 769 convenit,
478 709 512 752 ut
525 694 728 754 Demetrium
751 696 849 755 lilium
868 713 899 757 et
919 700 1074 780 quosdam
1094 752 1097 757 .

57 804 93 847 ex
106 784 287 847 amicorum
308 802 443 841 numero
458 779 597 857 obfides,
625 798 657 840 et
673 781 811 842 ducenta
828 787 948 847 talenta
963 786 1074 850 daret:

57 869 224 934 docereris
242 869 376 927 Romam
393 868 532 928 mitteret
546 871 674 949 legatos.
702 868 744 929 ad
762 890 834 929 eam
853 892 922 931 rem
937 888 1075 953 quatuor

55 954 213 1021 mensium
225 953 374 1015 induciae
387 953 500 1037 essent.
521 954 551 1015 Si
565 975 628 1036 pax
642 976 712 1014 non
727 956 895 1039 impetrata
908 962 947 1018 ab
959 958 1075 1019 senatu

54 1044 157 1120 soret,
178 1039 300 1103 obfides
315 1042 547 1123 pecuniamque
569 1039 661 1103 reddi
678 1042 821 1126 Philippo
834 1063 1001 1127 receptum
1016 1043 1075 1109 est.

54 1130 157 1194 caula
175 1130 324 1191 Romano
340 1128 525 1210 imperatori
546 1149 615 1188 non
635 1128 696 1189 alia
715 1131 817 1212 major
839 1130 932 1191 luisse
954 1132 1076 1191 dicitur·

53 1218 144 1303 pacis
159 1212 386 1289 maturandae,
410 1214 605 1296 quam-quod
620 1212 818 1276 Antiochum
833 1221 952 1279 bellum
968 1234 1074 1280 trans·

58 1304 199 1385 itumque
212 1302 250 1362 in
265 1300 427 1383 Europam
441 1302 547 1361 moliri
564 1300 738 1362 constabat.

156 1476 240 1537 XIV.
264 1472 386 1537 Eodem
401 1488 555 1558 tempore,
578 1488 682 1555 atque,
704 1490 741 1534 ut
753 1475 883 1557 quidam
898 1474 1072 1555 tradidere,

57 1561 170 1625 eodem
190 1561 244 1623 die
265 1563 306 1623 ad
320 1562 511 1622 Corinthum
530 1560 650 1621 Achaei
665 1561 779 1623 ducem
799 1563 921 1645 regium
942 1564 1072 1625 Andro·

56 1648 204 1713 sthenem
218 1647 298 1730 iusto
313 1649 435 1730 proelio
447 1646 609 1709 fuderunt.
642 1648 722 1709 Eam
736 1653 848 1710 urbem
859 1672 918 1733 pro
931 1672 1002 1711 arce
1016 1652 1072 1715 ha·

56 1737 181 1796 biturus
191 1734 353 1815 Philippus
368 1733 516 1795 adversus
525 1734 680 1796 Graeciae
696 1736 849 1811 civitates,
867 1737 1071 1819 etprincipee
1146 1796 1151 1803 ,

56 1821 138 1883 inde
159 1828 304 1880 evocatos
325 1838 384 1898 per
402 1818 539 1899 speciem
558 1820 781 1897 colloquendi,
813 1839 966 1901 quantum
983 1824 1071 1903 equi·
1138 1876 1149 1901 ,

54 1922 129 1968 tum
152 1904 232 1961 dare
251 1901 412 1961 Corinthii
433 1901 475 1960 ad
495 1900 613 1961 bellum
634 1904 779 1984 possent,
812 1907 986 1967 retinuerat
1008 1931 1070 1990 pro

58 1988 241 2061 obsidibus,
264 2002 312 2060 et,
341 2002 466 2067 praeter
480 1987 672 2067 quingentos
688 1988 879 2049 Macedonas
895 1992 1073 2073 mixtosque
1164 1988 1167 1993 ¹

55 2074 214 2141 exomni
233 2092 351 2155 genere
367 2072 559 2131 auxiliorum
575 2074 790 2154 octingentos,
818 2075 901 2154 quod
917 2072 979 2157 jam
996 2094 1074 2157 ante
1102 2142 1105 2151 ¹

50 2163 105 2225 'ibi
129 2160 252 2237 fuerat,
288 2159 375 2219 mille
395 2157 606 2220 Macedonum
631 2182 668 2220 eo
691 2157 837 2235 miserat,
859 2176 908 2225 ,et
927 2162 1014 2222 mille
1035 2184 1075 2223 ac

57 2249 215 2312 ducentos
254 2246 401 2326 Illyrios,
445 2248 689 2328 Thracasque,
713 2262 746 2306 et
785 2246 969 2325 Cretenses,
1016 2244 1075 2330 qui

15 2406 18 2417 Ι
56 2337 95 2398 in
117 2352 251 2416 utraque
276 2350 364 2415 parte
389 2335 588 2410 militabant,
629 2333 839 2417 octingentos.
888 2335 946 2397 His
968 2332 1074 2397 additi

56 2421 186 2495 Boeoti,
204 2420 424 2501 Thessalique,
447 2424 674 2482 ethearnanes
693 2420 796 2497 mille,
817 2420 928 2483 scutati
943 2442 1077 2499 omnen.

10 2512 13 2517 ’
40 2569 43 2573 ,
57 2526 90 2572 et
106 2522 148 2571 e'x
162 2506 303 2589 ipsorum
316 2508 553 2569 Corinthiorum
568 2508 732 2589 juventute
741 2502 759 2582 ,⁴
770 2509 902 2592 impleta
914 2525 950 2599 pt
964 2508 1071 2571 essent

58 2593 113 2656 sex
134 2594 236 2655 millia
260 2610 469 2671 armatorum,
500 2592 648 2657 fiduciam
669 2592 892 2657 Androstheni
920 2596 1072 2658 fecerunt

58 2682 125 2745 acie
140 2679 350 2744 decernendi.
378 2680 572 2741 Nicostratus
586 2698 713 2766 praetor
724 2679 923 2743 Achaeorum
931 2684 1074 2763 Sicyone

58 2784 128 2839 erat
148 2790 221 2833 cum
245 2767 366 2841 duobus
390 2769 529 2829 millibus
555 2770 717 2852 peditum,
749 2784 879 2829 centum
897 2771 1076 2850 equitibus,

28 2854 131 2931 ..sed‚
159 2855 314 2936 imparem
328 2852 360 2914 sa
376 2872 408 2916 et
420 2874 556 2917 numero
576 2873 608 2917 et
626 2876 743 2938 genere
763 2854 900 2917 militum
916 2874 1072 2935 cernens,

55 2942 225 3017 moenibus
247 2962 318 3001 non
338 2941 520 3005 excedebat.
562 2942 678 3025 Regiae
696 2942 804 3025 copiae
823 2941 968 3025 peditum
983 2939 1074 3022 equi.

57 3040 192 3108 tumque
210 3048 305 3108 vagae
318 3028 553 3109 Pellenensem,
574 3046 607 3091 et
622 3026 805 3105 Phliasium,
828 3044 861 3089 et
875 3029 1075 3093 Cleonaeum

56 3112 187 3195 agrum,
214 3113 497 3197 depopulabantur.
544 3115 717 3191 Postremo,
751 3116 983 3197 exprobrantes
1007 3139 1076 3179 me-

56 3215 129 3261 tum
142 3197 242 3276 hosti,
264 3201 303 3259 in
322 3202 403 3263 fines
418 3203 640 3283 Sicyoniorum
654 3198 957 3267 transscendebant:
979 3204 1074 3265 navi.

45 3288 235 3367 buetetiam
254 3288 455 3351 circumvecti
470 3312 605 3359 ¹omnem
628 3308 716 3350 oram
733 3286 870 3368 Achajae
892 3286 1072 3353 vastabant.

55 3374 145 3437 cam
153 3372 191 3435 id
204 3370 328 3449 effusius
344 3375 458 3453 hostes,
482 3393 523 3454 et,
546 3393 580 3436 ut
594 3377 629 3435 fit
642 3378 682 3437 ab
698 3374 800 3436 nimia
814 3372 949 3453 fiducia,
969 3377 1074 3459 negli-

54 3460 185 3543 gentiae
225 3461 321 3521 etiam
357 3460 519 3540 facerent,
564 3460 782 3537 Nicostratae,
825 3458 912 3542 spem
956 3479 1073 3522 nectua

53 3548 292 3631 necopinantes
314 3570 367 3609 eos
389 3548 615 3633 aggrediendi,
647 3546 731 3608 circe
752 3546 905 3609 finitimae
927 3548 1073 3611 civitatee

54 3635 213 3696 nuntium
230 3637 387 3715 oecultum
399 3636 514 3712 mittit,
544 3632 692 3717 quodie,
719 3648 750 3694 et
765 3642 860 3717 quot,
888 3652 930 3692 ex
945 3648 1075 3713 quaque

52 3719 184 3791 ovinia
198 3719 1118 3889 Wtflflttl‘wlsflfflthffllfflffssssblffiij
1128 3716 1131 3723 '
