2354 4140
12 37 65 197 5.

12 202 15 229 l
75 212 1100 249 ‘nn—*w*-

338 134 497 201 ttettn
523 140 646 201 xutxv.
698 139 846 203 mv.
888 132 900 191 .’
1038 152 1097 219 uu

256 240 451 321 Uj.c.55<i.

12 360 15 373 '
70 376 203 423 tentem
225 365 265 442 Q.
286 379 317 423 et
342 364 372 425 P.
395 364 553 425 Minucios
569 366 717 427 tribunos
730 368 869 429 rnilitum
886 364 1021 427 educere
1036 360 1094 450 jus·

69 447 118 510 fit
143 448 243 527 inde,
269 472 343 512 cum
362 450 486 535 signum
508 450 661 530 detinet,
684 455 840 537 impetum
868 476 910 515 ex
924 472 1035 537 aperto
1048 454 1094 517 fa·

69 554 199 597 nerent.
254 541 341 601 Haec
371 542 478 622 agenti
502 542 638 601 nuntius
665 543 756 603 venit
783 564 801 601 a
823 543 873 603 Ti.
899 542 1091 624 Sempronio
1166 554 1170 563 '

69 626 204 709 Longo,
233 646 293 685 nott
313 624 462 708 sustinere
490 626 753 693 extraordinarios
768 632 909 705 impetum
927 626 1092 707 Gallorum,

71 728 102 771 tt
122 709 219 793 caesos
239 710 405 796 permultos
427 713 499 796 esse:
522 733 568 787 tt,
590 718 643 795 qui
654 710 824 795 supersint,
847 736 962 798 partim
977 715 1089 793 laboro,

73 802 188 881 purtim
208 816 286 860 metu
311 798 445 883 remififfe
466 798 603 861 ardorem
623 821 749 887 pugnae.
802 800 943 885 legionen
965 800 1088 865 alteram

75 904 110 945 ex
126 884 259 963 duabu,
297 884 522 963 fividetetttt,
557 885 763 969 submitteret,
806 891 981 969 priusquam
1004 891 1088 971 iguo·
1158 959 1165 971 .

70 974 161 1033 ninia
183 978 385 1053 etcipmtttr.
430 972 578 1035 Secunda
599 976 680 1057 legio
699 972 791 1035 mitta
807 974 867 1049 est,
899 991 930 1035 et
946 991 1086 1057 extraor-¹

67 1056 194 1123 dinarii
217 1062 346 1143 recepti.
393 1064 479 1122 Tum
502 1060 718 1143 redintegrata
731 1062 774 1123 eft
791 1082 909 1143 pugna.
953 1066 1035 1123 (Trun
1054 1077 1088 1123 et
1142 1052 1147 1062 ¹

65 1140 188 1209 recens
202 1126 308 1223 miles,
332 1165 362 1209 et
377 1148 529 1231 frequens
545 1145 713 1208 ordinibus
728 1149 809 1230 legio
826 1146 1028 1223 suecettset,
1051 1162 1086 1209 et

67 1232 197 1295 liniltra
219 1237 266 1295 ala
287 1256 328 1295 ex
350 1238 474 1319 proelio
495 1233 647 1294 lulnlucta
670 1234 732 1309 est3
762 1234 874 1297 dextra
889 1237 928 1299 in
943 1238 1084 1319 primum

69 1322 181 1383 aciem·
196 1321 293 1382 subiit.
345 1326 397 1385 Sol
419 1324 545 1407 ingenti
568 1322 683 1385 ardore
706 1326 846 1382 torrebat
869 1324 1005 1383 minime
1028 1344 1083 1403 pa-

70 1409 183 1469 tientia
197 1409 294 1470 aestus
310 1433 445 1494 corpora
460 1411 648 1472 Gallorum:
668 1407 772 1469 deruis
789 1426 898 1469 tamen
912 1410 1082 1470 ordinibus

65 1516 160 1555 nunc
183 1498 236 1557 alii
256 1498 294 1557 in
309 1500 403 1574 alios,
426 1520 518 1557 nunc
535 1496 572 1557 in
587 1497 670 1557 scuta
685 1497 927 1573 incumbentes,
949 1496 1080 1557 [uuistu-

64 1584 146 1643 bant
160 1584 298 1666 impetus
315 1588 551 1645 Rornanorum.
586 1582 682 1663 Quod
694 1585 745 1643 ubi
758 1582 984 1645 animadvertit
998 1604 1076 1643 cont·
1107 1606 1110 1613 ·

62 1668 128 1746 Iul,
152 1671 194 1731 ad
212 1674 448 1753 perturbandos
471 1670 602 1731 ordines
623 1692 736 1730 curum
759 1673 793 1729 C.
811 1672 935 1731 Livium
957 1672 1078 1731 Salina·

62 1772 188 1832 torem,
211 1759 266 1837 qui
287 1774 434 1838 praeerat
449 1756 553 1815 alariis
569 1758 742 1837 equitibus,
764 1778 860 1834 (litam
876 1756 1077 1817 concitatisli-

60 1864 136 1903 mos
168 1862 263 1921 equos
290 1843 463 1901 innuittere
492 1843 594 1923 jubet:
633 1857 665 1899 et
685 1841 876 1923 legionarios
898 1844 1018 1922 equites
1039 1845 1079 1903 in

64 1925 212 1989 subsidiis
225 1925 299 1985 elle.
346 1930 433 1987 Haec
449 1927 590 2009 procella
602 1925 752 2006 equestris
765 1928 871 2007 primo
888 1927 1033 1989 confudit
1046 1944 1079 1991 tt

61 2010 215 2088 turbavit,
239 2011 362 2073 deinde
379 2011 535 2094 dillipavit
552 2013 653 2071 aciem
663 2012 849 2085 Gallorum3
871 2028 1077 2089 nontamen,

60 2118 98 2162 ut
120 2110 209 2181 terga
229 2099 356 2161 darent.
405 2098 578 2160 Obstabant
603 2098 715 2171 ducet,
732 2095 894 2159 hastilibus
908 2096 1079 2159 caedentes

58 2206 150 2272 terga
170 2186 421 2275 trepidantium,
451 2200 483 2246 et
498 2184 615 2245 redire
634 2185 671 2244 in
686 2183 821 2247 ordines
834 2200 1000 2267 cogentes:
1022 2182 1080 2247 sad

58 2277 330 2359 interequitantes
356 2275 445 2335 alarii
462 2294 534 2333 non
550 2274 765 2355 patiebantur.
811 2270 929 2333 Consul
946 2271 1077 2335 obtesta-

43 2364 160 2425 ·batur'
175 2364 310 2441 milites,
352 2362 395 2422 Ut
420 2357 584 2442 paullulum
603 2364 840 2423 annitercnttttt:
866 2362 1023 2421 victoriam
1043 2361 1076 2421 in

56 2449 195 2513 manitus·
214 2448 279 2533 effe.
325 2447 395 2513 dum
423 2445 616 2532 perturbatos
645 2466 675 2507 tt
702 2444 893 2529 trepidantes
924 2444 1075 2525 viderent,
1124 2454 1132 2463 '

56 2534 214 2615 instirent.
256 2532 284 2610 fi
313 2534 434 2613 restitui,
457 2533 576 2595 ordines
596 2533 714 2617 fifflttt,
756 2540 878 2619 integro
900 2533 1005 2617 rursus
1027 2556 1074 2599 eos

57 2621 177 2705 proelio
206 2642 235 2684 et
259 2620 348 2685 dubio
376 2621 575 2685 dimicaturos.
618 2620 754 2683 Inferre
779 2622 962 2685 vexillarios
988 2621 1073 2705 justit
1135 2644 1139 2661 ·

56 2710 154 2795 ligna.
199 2730 317 2771 omnes
327 2708 451 2771 connili
464 2705 599 2769 tandem
615 2726 798 2769 euerterunt
812 2708 954 2775 hostem„
991 2708 1072 2771 Post·

58 2820 156 2881 quam
177 2815 265 2881 terga
285 2795 423 2871 debant,
453 2811 484 2855 et
499 2794 537 2854 in
552 2794 661 2877 fugam
672 2795 790 2878 paffim.
801 2795 1068 2873 effundebantur,

58 2901 129 2947 turn
142 2884 183 2958 ad
196 2880 432 2968 persequendos
446 2902 500 2942 eos
514 2882 683 2967 legionarii
696 2882 960 2964 equitesimmiffi.
985 2883 1069 2959 Qua·

59 2970 238 3033 tuordecim
253 2970 355 3032 millia
378 2970 530 3053 Bojorum
552 2991 596 3029 eo,
614 2968 666 3029 die
689 2969 777 3029 caela
794 2968 886 3045 lunt3
906 2969 970 3030 vivi
984 2966 1068 3050 capti

59 3059 155 3119 mille·
169 3046 348 3141 nonaginta
370 3055 456 3119 duot.
475 3056 597 3139 equites
623 3055 814 3139 septingenti
837 3056 950 3138 viginti
973 3072 1066 3130 unus,

53 3162 123 3207 tres
140 3142 232 3207 duces
248 3167 370 3221 eorum,
385 3142 472 3226 ligna
485 3143 635 3203 militaria
651 3142 789 3203 ducenta
803 3140 982 3218 duodecim,
1000 3164 1066 3201 car-

99 3248 159 3293 nta
176 3232 337 3315 sexaginta
357 3232 426 3291 tria.
470 3230 542 3291 Nec
562 3231 720 3291 Romanis
740 3230 913 3289 incruenta
936 3229 1068 3289 victorie

52 3254 126 3383 ξπ.
173 3318 267 3403 supra
288 3319 431 3401 quinque
452 3317 553 3379 millia
567 3317 724 3391 militum,
746 3314 887 3397 ipsorum
903 3331 953 3375 aut
970 3313 1066 3375 [ocio-

50 3428 148 3483 πω,
169 3405 244 3467 sunt
265 3404 391 3482 amisse,
412 3404 619 3465 centuriones
634 3421 698 3466 tres
716 3419 746 3462 et
760 3402 891 3487 viginti,
912 3399 1067 3485 praetecti

47 3485 177 3555 'focidm
196 3509 348 3577 quatuor,
376 3508 409 3552 et
431 3493 476 3552 M.
498 3492 682 3568 Genucius,
705 3506 737 3554 et
756 3490 803 3553 M.
827 3490 983 3567 Marcius,
1010 3484 1065 3547 nti·

47 3582 140 3647 tuni
156 3578 465 3655 militumteeundae
479 3578 636 3663 legionis.-

520 3812 705 3923 ua'
