2354 4140
110 112 178 181 tto
215 220 219 227 Ι
296 102 455 171 LIBER
476 106 649 225 XXXVIII,
694 106 1129 221 cunm&

116 198 181 213 ““““
300 198 307 213 “
345 218 384 275 o.
399 218 432 275 c.
453 218 525 309 '2⁶32
699 238 726 275 a.
743 218 776 277 e.
793 218 836 278 Ν.
857 224 927 315 ¹⁸2·
1005 295 1126 326 ...-

113 354 146 401 et
173 338 314 415 exercitu
343 334 490 411 lustrate,
527 337 721 397 concionem
745 335 832 421 apud
854 339 973 401 milites
994 336 1125 417 hahuit:

28 464 31 475 ·
112 446 193 508 qua,
223 420 400 484 collaudata
426 423 558 498 virtute,
595 426 723 501 eorum',
752 423 935 507 quodcum
956 424 1125 493 Antiocho

110 532 181 571 uno
196 512 319 594 proelio
344 507 569 584 debellassent,
588 509 773 573 adhortatus
787 532 841 573 eos
854 510 896 575 ad
912 534 1039 577 nomm
1051 538 1121 581 cum

110 599 213 661 Gallis
232 590 469 679 luicipicndum
486 597 621 674 bellum,
650 600 753 681 quiet
775 600 900 664 auxiliis
919 599 1125 667 Antiochuu't¹

108 683 273 771 juvissent,
291 700 322 746 et
336 681 417 749 adeo
430 682 588 746 indomita
601 684 759 747 haberent
771 686 915 769 ingenie,
936 703 971 748 ut
985 689 1118 773 nequid·

23 810 26 815 -
108 794 205 853 quam
227 769 408 833 Antiochus
434 786 555 832 emotus
577 773 660 831 ultra
679 773 751 857 iuga
770 775 871 837 Tauri
888 778 1011 839 montis
1033 777 1118 857 esset,

18 842 24 871 ¹
108 858 169 919 niti
196 856 425 943 frangerentur
445 879 521 942 opes
537 858 724 934 Gallorum,
745 857 787 921 de
806 858 839 921 se
859 883 986 945 quoque
1006 860 1116 949 pauca,

107 968 170 1006 nec
191 944 286 1023 falsa,
316 967 380 1007 nec
399 944 587 1021 immodica,
623 944 745 1028 adjecit.
796 945 885 1011 Laeti
902 948 1024 1012 milites
1045 974 1115 1013 cum

105 1033 268 1115 frequenti
289 1031 413 1093 assensu
435 1032 600 1093 consulem
620 1033 828 1111 audiverunt,
849 1052 976 1120 partem
998 1038 1115 1101 virium

104 1119 262 1183 Antiochi
273 1116 364 1181 fitilla
380 1120 489 1181 Gallos
507 1119 693 1197 credentes;
711 1142 785 1206 rege
801 1119 965 1207 superato,
988 1126 1116 1197 nullum

103 1223 304 1269 momentum
319 1207 356 1266 in
371 1205 443 1267 solis
458 1206 564 1289 perse
580 1208 747 1268 Gallorum
761 1210 859 1293 copiis
873 1208 953 1271 fore.
998 1210 1118 1275 Eume·

102 1316 180 1355 nem
194 1292 282 1353 haud
294 1295 332 1354 in
347 1308 490 1375 ternpore
505 1294 611 1357 abesse
624 1296 762 1371 (Romae
777 1312 858 1363 tunc
878 1297 961 1373 erat)
978 1298 1113 1370 credere
1141 1342 1146 1349 -

103 1379 229 1456 conlui,
254 1400 391 1463 gnarum
409 1382 554 1441 locorum
573 1381 826 1467 hominumque,
854 1399 886 1444 et
907 1383 994 1465 cujus
1015 1385 1112 1455 inter·

101 1468 179 1531 esset
191 1464 298 1551 frangi
311 1467 480 1528 Gallorum
494 1487 580 1551 open
622 1466 766 1530 Attalum
778 1470 874 1553 igitur
889 1467 1027 1533 fratrem
1048 1473 1112 1557 eius

102 1552 225 1615 arceiiit
248 1576 267 1614 a
281 1556 448 1636 Pergamo,
472 1554 677 1637 hortatusque
694 1554 736 1616 ad
755 1553 984 1639 capessendum
1004 1556 1114 1619 secum·
1138 1630 1141 1636 ¹

100 1642 237 1716 bellum,
272 1643 480 1723 pollicentem
500 1640 588 1701 luam
609 1640 800 1725 suorumque
823 1664 955 1727 operam
976 1644 1111 1707 domum

98 1727 141 1787 ad
162 1718 415 1810 comparandum
437 1727 576 1788 dimittit.
633 1730 750 1791 Paucos
773 1726 842 1813 post
868 1728 937 1791 dies
963 1730 1110 1814 profecto

98 1814 288 1897 abEpheIo
307 1814 431 1876 consuli
451 1814 493 1874 ad
513 1814 706 1897 Magnefiam
729 1817 866 1877 occurrit
886 1814 1013 1881 Attalus
1036 1840 1109 1881 cum

9 1962 16 1971 ,
97 1902 186 1963 mille
207 1902 384 1985 peditibns',
430 1902 584 1985 equitibus
607 1900 769 1979 ducentia,
808 1901 978 1965 Athenaeo
1008 1900 1118 1967 fratre'

96 1986 177 2068 juffu
198 2011 272 2049 oum
293 1990 405 2049 ceterIs
427 1988 526 2071 copiis
552 1987 713 2073 soliloqui,
745 1988 1033 2053 commendata-iis
1056 1990 1114 2052 qu

95 2075 197 2137 Itodia
212 2076 363 2159 Pergami,
378 2095 456 2158 quos
470 2072 564 2137 fratri
577 2082 740 2160 regnoque
749 2076 829 2139 fidos
838 2075 1001 2153 credebat,
1023 2080 1117 2140 Cim-¹

93 2163 158 2240 Iul,
180 2162 358 2235 collaudato
371 2163 508 2244 juvene,
528 2185 604 2225 cum
626 2165 775 2243 omnibus
792 2164 894 2246 copiis
916 2163 1107 2235 eri-Maean·

92 2250 189 2311 drum
203 2247 401 2335 progressus,
425 2248 524 2309 castra
538 2248 659 2333 poluit,
679 2251 753 2332 quia
772 2249 854 2312 vado
874 2250 1021 2333 superati
1041 2246 1111 2323 am·¹

91 2338 145 2399 nis
169 2358 241 2397 non
264 2331 404 2420 poterat,
427 2352 458 2395 et
473 2337 714 2399 contrahendae
735 2358 834 2419 naves
851 2354 944 2399 erant
959 2335 1004 2398 ad
1017 2331 1109 2410 e'xerss¹

90 2425 189 2485 citum
202 2417 437 2505 trajiciendum.
482 2422 681 2507 Trantgrelst
694 2421 907 2493 Maeandrum
918 2422 961 2485 ad
978 2422 1110 2493 Hieran

90 2512 215 2573 Comen
230 2522 461 2593 pervenerunt.
719 2525 722 2531 ·

174 2681 258 2741 XIII.
288 2680 429 2743 ‘Fanum
442 2680 488 2742 ibi
501 2681 662 2765 augustum
683 2683 846 2768 Apollinis
867 2698 900 2747 et
918 2683 1102 2761 oraculum}

86 2767 186 2829 [ortes
200 2765 338 2829 vertibus
353 2766 440 2839 haud
447 2768 622 2831 inconditis
634 2768 711 2831 darc
724 2765 810 2837 vates
817 2768 986 2845 dicuntur.
1011 2772 1103 2847 Hinc

84 2856 194 2917 alteris
208 2853 316 2915 castris
330 2854 372 2915 ad
379 2854 557 2938 Harpalum
568 2850 690 2919 flumen
702 2856 909 2943 ventumeit:
923 2880 986 2942 quo
1002 2860 1101 2943 legati

84 2945 126 3003 ab
146 2941 324 3004 Alabandis
342 2934 520 3021 venerunt,
539 2959 575 3027 ut
587 2943 766 3021 castellum,
785 2942 871 3029 quod
893 2947 933 3009 ab
946 2944 1022 3029 ipfis
1037 2964 1119 3007 nu·

82 3052 142 3114 per
164 3027 324 3105 desciliet,
352 3026 406 3090 aut
424 3032 628 3108 auctoritate,
663 3034 717 3093 aut
736 3032 850 3107 armis,
880 3048 1008 3117 cogeret
1025 3026 1106 3115 jttrtt¹

82 3120 216 3203 antiqua
234 3117 310 3199 peti.
356 3115 481 3177 Eodem
492 3133 524 3178 et
541 3116 749 3193 Athenaeus,
769 3118 926 3185 Eumenis
942 3135 982 3181 et
992 3116 1099 3193 Attali

80 3204 196 3283 irater,
216 3226 289 3264 cum
314 3202 455 3265 Cretensi
475 3204 572 3266 Leuso
595 3222 626 3266 et
641 3206 779 3288 Corrago
795 3204 975 3280 Macedone
991 3206 1096 3272 venit.

77 3292 169 3354 mille
193 3289 317 3376 pedites
347 3290 693 3376 mixtamm'gentimn
721 3306 753 3352 et
781 3306 942 3354 trecentos
971 3290 1103 3376 equitet¹

76 3380 184 3441 lecum
196 3376 409 3438 adduxerunt.
455 3376 591 3457 Consul,
613 3380 743 3441 tribuno
757 3380 897 3442 militum
909 3376 1095 3461 miiiocum

75 3465 203 3529 modica
216 3486 335 3539 manu,
353 3462 513 3525 cultellum
528 3464 561 3528 vi
575 3483 702 3549 captum
724 3462 1005 3539 Alabandensibus
1019 3464 1095 3540 reth,

75 3550 134 3615 dita
176 3551 279 3637 ipse„
298 3550 384 3611 nihil
412 3553 465 3613 via
485 3550 654 3636 digrelIus,
689 3549 731 3613 ad
757 3551 966 3635 Antiochiam
994 3552 1094 3636 super

72 3639 289 3703 Maeandrum
310 3657 442 3699 amnem
461 3639 564 3723 posuit
586 3639 693 3703 castra.
740 3641 960 3725 Hujus‘atnnis
980 3638 1093 3726 lentat
1145 3706 1148 3711 ,

67 3729 219 3819 Celaenis
232 3728 396 3801 oriamur.-
439 3727 598 3821 Celaenae
612 3730 796 3825 urbe-'caput
808 3726 975 3815 quondam
991 3728 1099 3830 'Phry‘
