2354 4140
115 106 421 228 Quen
443 127 604 190 xxxvn.
647 96 869 195 c'nl‘xxtu.
892 126 1009 191 xxu
1096 198 1098 203 Α

326 235 510 305 neme
568 274 572 285 ,
615 212 619 226 ’
656 213 831 309 mesen
854 210 1138 315 ιρῑ.ῗ“““““,,

928 314 1136 337 *Ωιι*

76 366 79 375 ’
112 342 266 432 stantem,
294 356 439 437 urgebat:
471 366 503 412 et
518 351 793 429 circumvenisset,
815 354 888 428 ni,'·
902 351 990 437 signo
1012 353 1139 419 sublato

85 450 88 467 '
113 461 155 501 ex
167 430 327 523 praetoria
342 460 443 515 nave,
474 442 550 521 (quo
567 438 737 521 dispersam
755 428 883 500 classem
899 440 936 501 in
950 461 1056 501 unum
1072 444 1136 503 col.

110 528 167 610 ligi
182 546 250 588 mos
266 527 348 602 erat)
364 546 495 604 omnes,
511 549 590 609 quae
605 527 642 588 in
657 522 770 587 dextro
785 548 888 607 corpu
898 522 1059 606 uicerant,
1077 550 1134 591 na·

21 616 23 621 ’
111 623 166 676 v'es
182 612 224 675 ad
240 636 333 697 opem
355 613 526 673 ferendam
542 613 600 674 suis
622 613 867 673 concurrissent.
911 631 979 675 tum
996 632 1029 676 et
1044 618 1134 679 Hen-

78 702 80 707 ’
109 703 217 777 nibal,
241 722 383 785 quaeque
399 701 483 761 circa
497 722 571 767 eum
586 703 679 760 erent
695 722 804 776 naveS,
819 699 986 783 capessunt
1003 701 1132 785 sugam:

47 832 49 841 .
74 828 77 839 ι
109 776 264 869 ιῖεεόἱηῐέξΙ
278 790 312 849 ui
326 786 466 864 Rhodii,
498 780 539 847 ex
551 804 668 869 magna
683 804 774 871 parte
789 788 908 870 aegris,
931 805 963 847 et
976 791 1019 849 ob
1031 788 1069 851 id
1081 784 1132 853 ‘ce-

108 874 206 935 lerius
228 812 311 936 festis
334 875 524 955 remigibus,
556 890 741 957 potuerunt.
796 877 877 934 Cum
896 876 935 935 in
956 877 1037 953 alto,
1075 879 1133 941 ubi
1157 880 1159 885 ’

62 970 65 977 ’
107 956 328 1040 substiterant,
359 962 430 1021 cibo
446 960 619 1039 reficerent
640 962 741 1036 vires,
769 963 1010 1044 'contemplatus
1024 962 1128 1025 Eudaz

107 1068 179 1111 mus
194 1048 315 1124 hostes,
346 1045 472 1108 claudas
492 1048 715 1129 mutilatasque
738 1065 837 1109 naves
855 1050 973 1130 ept'trtis¹
991 1050 1126 1111 navibus

55 1190 61 1207 ,
106 1136 250 1198 remulco
272 1135 455 1208 trahenteS,
489 1135 603 1216 viginti
623 1136 718 1216 paulo
741 1135 876 1216 amplius
897 1136 1039 1217 integras
1061 1140 1126 1198 abs·

106 1223 271 1299 cedentes,
288 1243 305 1280 e
320 1222 401 1280 turri
411 1218 588 1303 praetoriae
603 1223 695 1281 neris
704 1219 830 1283 fitentio
845 1220 938 1297 sacto,
949 1222 1125 1307 Exsurgite,

82 1300 229 1391 inquit,
261 1325 289 1366 et
305 1311 461 1393 egregium
477 1304 671 1387 sputaculum
693 1300 962 1389 tapesfite¹oculiss
991 1308 1126 1370 Consur-

104 1402 221 1457 r'exere
236 1415 367 1470 omneS,
398 1395 667 1475 contemplatique
685 1388 935 1476 trepidationem
954 1392 1126 1479 fugamque

104 1481 261 1559 hostium,
284 1502 387 1564 prope
409 1500 478 1538 una
491 1500 568 1540 voce
583 1482 801 1543 exclamarem
818 1502 948 1558 omnes,
970 1498 1007 1541 ut
1018 1482 1124 1565 seque·

104 1584 230 1633 rentur,
294 1568 394 1650 Ipsius
413 1564 552 1627 Eudami
574 1568 680 1627 multis
703 1568 1006 1629 ictib‘us'vulnerata
1033 1571 1124 1631 navis

26 1720 36 1726 ,
105 1671 183 1733 erat.
230 1651 462 1737 Pamphilidam
482 1654 513 1712 e't
529 1653 737 1713 Chariclitum
760 1653 902 1735 insequi,
942 1656 1050 1738 quoad
1070 1674 1131 1740 pu-⁴

56 1808 59 1817 ,
104 1757 212 1804 t'erent
225 1759 344 1817 tutum,
363 1738 456 1823 jussit.
501 1732 709 1821 Aliquamdiu
723 1738 820 1802 secuti
841 1740 932 1801 sunt:
959 1741 1123 1826 postquam

101 1845 207 1890 terrae
224 1826 500 1913 appropinquabat
509 1826 691 1903 Hannibal,
707 1828 801 1889 veriti
814 1849 859 1887 ne
875 1826 1128 1891 includerentur

102 1924 202 1979 rento
225 1918 262 1977 in
272 1914 412 1976 'hostium
429 1936 501 1990 ora,
533 1912 575 1972 ad
587 1912 767 2001 Eudamum
787 1915 921 1989 revecti,
954 1914 1122 1999 hepterem

102 2020 244 2089 captam,
260 2002 454 2093 quaeprimo
470 1999 626 2062 concursu
641 2000 702 2061 icte
717 2017 800 2078 eret,
824 2022 916 2084 aegre
924 1994 1123 2069 Phaselidem

101 2107 340 2177 pertraxerunt.
384 2087 464 2150 inde
486 2086 657 2164 Rhodum,
690 2108 761 2148 non
785 2102 850 2148 tam
873 2088 1122 2167 victoria'laeti,

102 2200 198 2262 quam
220 2179 299 2239 alius
320 2177 417 2237 alium
434 2173 631 2250 accusantes,
653 2173 755 2255 quod,
777 2197 850 2234 cum
860 2173 1039 2257 potuisset,—
1052 2166 1122 2239 noh

102 2269 208 2328 omnis
223 2259 383 2325 submersa
398 2278 450 2320 aut
462 2276 552 2342 capta
568 2258 667 2320 elaffis
683 2260 817 2322 hostium
832 2260 924 2337 lor'et,
941 2256 1119 2325 redierunt.

102 2352 287 2427 Hannibal,
318 2350 398 2409 ictus
420 2368 487 2406 uno
511 2346 637 2427 proelio
657 2345 805 2425 adverso,
840 2370 884 2408 ne
908 2354 975 2407 t'um
990 2349 1121 2431 quidem

99 2436 305 2522 praetervehi
320 2434 447 2514 Lyciam
464 2432 614 2509 audebat,
638 2428 717 2493 cum
727 2435 880 2518 conjungi
895 2437 997 2497 veteri
1012 2439 1120 2523 regiae

101 2524 188 2586 claffi
206 2522 439 2606 quamprimum
456 2522 596 2603 cuperet.
633 2519 693 2596 Et,
708 2521 743 2582 id
757 2542 802 2581 ne
817 2520 967 2585 etfaoere
981 2522 1120 2586 liberum

102 2612 196 2687 esset,
227 2605 349 2677 Rhodii
364 2606 568 2667 Chariclitum
587 2628 661 2671 cmn
681 2609 794 2692 viginti
819 2601 955 2671 navibus
977 2608 1119 2673 rostratis

98 2699 143 2759 ad
157 2702 265 2758 Patara
281 2710 312 2754 et
326 2691 482 2777 Megisten
494 2710 621 2778 portum
636 2686 800 2757 miserunt.
814 2706 819 2715 ’
843 2693 1024 2757 Eudamum
1046 2718 1120 2759 cum

95 2772 221 2868 septem
234 2783 369 2843 navibus
385 2782 530 2843 maximis
552 2803 592 2842 ex
608 2802 645 2840 ea
661 2781 772 2858 classe,
790 2782 842 2843 cui
852 2779 1052 2866 praefuerat,
1068 2784 1119 2847 Se·

98 2892 189 2934 mum
202 2868 310 2932 redire
324 2860 365 2929 ad
377 2862 542 2929 Romanos
564 2863 739 2950 jusserunt3
767 2885 820 2945 ut,
851 2885 1007 2953 quantum
1019 2870 1118 2931 censi·

93 2958 161 3035 ¹lio,
189 2974 343 3041 quantum
363 2955 548 3016 auctoritate
565 2955 699 3031 valeret,
724 2950 933 3042 compelleret
949 2952 1118 3039 Romanos

101 3045 143 3110 ad
157 3048 266 3108 Patara
280 3040 508 3131 oppugnanda.
687 3047 693 3057 “

177 3203 443 3302 nunqnam
459 3206 615 3276 laetitiam
623 3214 779 3278 Romanis
798 3216 864 3300 jam
875 3215 964 3300 prius
979 3216 1117 3278 nuntius

96 3309 264 3385 nomiae,
295 3304 414 3367 deinde
429 3302 585 3368 adventus
599 3303 704 3364 anulii
717 3303 929 3365 Rhodiorum.
976 3318 1008 3363 et
1021 3322 1116 3386 eppe·

62 3426 65 3433 ·
94 3386 209 3473 trehet,
235 3392 259 3455 st
282 3415 320 3454 ea
342 3415 417 3454 cura
432 3386 566 3451 Rhodiis
589 3386 694 3449 demta
714 3388 808 3467 esset,
841 3408 955 3452 vacuos
977 3405 1117 3451 eos'tttta

93 3483 168 3565 tejus
185 3483 325 3562 regionis
341 3482 441 3542 maria
459 3474 680 3562 praestaturos.
705 3476 761 3538 sed
788 3475 949 3562 profectio
959 3474 1117 3551 Antiochi

91 3574 139 3645 eb
155 3550 322 3644 Sartlibus,
350 3588 395 3629 ne
409 3569 668 3651 opprimerentur
683 3568 777 3625 urbes
793 3564 985 3640 maritimae,
1009 3566 1116 3626 absce-

83 3654 177 3716 aelere
196 3654 338 3718 custodia
359 3657 468 3716 Ioniae
487 3668 579 3733 atque
591 3646 734 3713 Aeolidis
753 3651 926 3735 prohibuit.
971 3648 1116 3734 Pamphi-

75 3738 187 3821 'Iiclam
203 3766 280 3810 cum
295 3745 437 3836 quatuor
456 3740 595 3810 navibus
610 3738 702 3805 tectu
722 3738 766 3818 ah
781 3734 1010 3814 eametttlem,
1022 3756 1115 3820 queo
1135 3734 1142 3743 ’

69 3820 107 3888 ,.

959 3838 983 3877 ,“
1040 3825 1123 3897 <inm
