2354 4140
114 349 169 431 qni
183 344 336 429 ingressos
351 349 389 407 in
401 346 498 407 castra
514 350 553 405 ab
572 345 754 429 direptione
770 345 954 406 abstrahere
968 368 1042 415 non
1061 364 1130 431 pot·

116 448 202 509 erat,
215 454 296 508 eos,
338 435 371 495 ui
389 436 427 495 in
441 434 593 515 cornibus
607 431 754 507 fuerant,
773 433 924 514 protinus
940 432 982 493 ad
995 426 1139 516 sequen·'

115 520 298 583 dos·holtes
322 519 413 581 milit.
453 540 512 603 per
533 521 732 601 aliquantum
753 518 887 601 spatium
911 519 1031 596 secutiq
1059 541 1131 581 uon

96 612 185 693 *plus
200 625 310 667 tamen
332 624 402 667 octo
418 608 518 668 millia
537 604 708 667 hominum
728 607 766 667 in
788 604 861 687 fuga
904 608 999 683 (nam
1020 628 1132 691 pugna

43 722 46 733 ·
114 696 204 756 nulla
218 693 293 770 fuit)
308 695 508 763 ceciderunt:
532 693 646 776 reliqui
659 694 781 753 flumen
797 694 910 777 Halyn
921 694 1130 776 trajecerunt.¹

66 780 68 787 ’
113 785 336 842 Romanorum
352 802 467 865 magna
478 801 551 862 pars
567 802 604 840 ea
617 796 713 840 nocte
726 780 764 839 in
772 779 910 841 hostium
922 780 1131 843 castrisma'n-

113 870 168 943 lit3
189 885 312 929 ceteros
328 870 365 929 in
378 868 433 929 sua
446 866 545 927 castra
559 866 668 927 consul
683 865 820 927 reduxit.
862 866 987 929 Postero
1002 867 1057 929 die
1082 888 1130 929 ca-

113 958 216 1040 ptivos
224 953 441 1036 praedamque
453 952 610 1038 recensuit
619 979 627 1029 ;
637 976 717 1035 quae
726 952 890 1029 tantafuit‚
901 958 1059 1035 quantam
1068 956 1128 1017 ari·

114 1040 237 1103 diffirna
258 1041 406 1124 rapiendi
427 1061 524 1121 gens,
551 1059 624 1099 eum
640 1043 683 1101 cis
699 1058 842 1101 montem
860 1042 1004 1101 Taurum
1018 1043 1129 1103 omnia

113 1131 210 1189 arinis
233 1128 427 1212 permultos
460 1126 610 1187 tenuisset
638 1148 760 1203 annos,
804 1148 994 1189 coacervare
1016 1130 1126 1212 potuit.
1154 1154 1165 1167 =

114 1216 219 1291 Galli,
249 1238 290 1275 ex
305 1212 449 1296 dillipata
472 1213 583 1295 pallini
598 1214 672 1297 luga
695 1215 854 1315 inpurum
871 1215 977 1275 locum
994 1236 1128 1299 congre·
1150 1276 1155 1285 ,

21 1366 24 1371 ,
112 1304 194 1386 gari,
222 1322 339 1383 magna
359 1321 433 1385 pars
457 1300 552 1361 [aricii
573 1319 626 1361 aut
646 1304 807 1375 inermes,
842 1301 956 1363 nudati
977 1305 1127 1363 omatibus

112 1393 224 1462 relius,
266 1403 407 1448 oratores
429 1386 469 1450 de
490 1410 568 1471 paee
590 1387 631 1447 ad
640 1387 813 1449 'consulem
832 1388 1000 1449 miserunt.
1063 1389 1127 1451 Eos

25 1516 28 1521 ·
111 1477 253 1555 Manlius
268 1474 430 1558 Ephesum
447 1476 560 1535 venire
575 1474 665 1556 jullii.
681 1477 689 1535 i
695 1474 764 1557 ple,
781 1476 867 1557 (jana
880 1476 969 1535 enim
983 1475 1127 1559 medium

96 1561 260 1625 ,autumni
286 1563 374 1637 erat)
395 1562 472 1622 locis
493 1560 605 1645 gelidis
627 1563 865 1645 propinquitate
886 1564 1125 1623 Taurimontis

113 1648 275 1721 excedere
299 1669 498 1731 properansY
540 1650 693 1711 victorem
717 1648 893 1711 euereitum
920 1650 960 1711 in
986 1648 1126 1714 hiberna

113 1737 291 1797 snaritimae
303 1758 377 1809 qrae
392 1734 544 1805 reduxit.-

187 1910 343 1972 XXVIII.
365 1908 456 1973 Dum
469 1908 549 1985 haee
564 1902 680 1966 inAfia
693 1923 857 1989 geruntur,
873 1907 910 1967 in
924 1909 1038 1969 ceteris
1054 1928 1123 1991 pro-

55 2000 58 2005 ’
112 2001 226 2063 vinciis
241 1996 433 2077 tranquillae
448 2016 499 2057 res
515 1994 665 2055 fuerunt.¹
681 1992 834 2077 Cenlqres
844 1996 965 2053 nomae
974 1994 1013 2053 T.
1023 1996 1124 2073 Quin-
1137 2010 1140 2015 ·

112 2091 191 2150 eiius
207 2084 408 2146 Flamininus
425 2100 456 2143 et
476 2085 519 2145 M.
537 2079 685 2142 Claudius
701 2081 870 2143 Marcellus
884 2080 1032 2141 senatum
1054 2090 1124 2163 per·

33 2172 41 2189 ‘
112 2179 267 2257 legerunt.
325 2171 477 2251 princeps
498 2170 536 2229 in
557 2168 668 2227 senatu
688 2169 816 2227 tertium
838 2169 937 2229 lectus
963 2169 994 2227 P.
1018 2168 1124 2249 Scipio

111 2261 292 2337 Africanus.
316 2273 448 2339 quatuor
463 2255 522 2315 [oli
532 2254 697 2337 praeteriti
711 2252 800 2329 lunt,
821 2274 919 2314 nemo
935 2254 1039 2315 curuli
1054 2252 1126 2313 ulus

112 2350 246 2411 honore.
282 2360 321 2403 et
342 2337 378 2404 in
394 2342 531 2424 equitatu
546 2338 745 2410 recensendo
760 2341 844 2401 uritis
859 2333 1034 2412 admodum
1049 2360 1124 2401 cen·
1157 2370 1161 2381 =

110 2436 183 2495 lura
196 2431 263 2491 fnit.
311 2428 580 2501 Subltruetionem
600 2424 694 2507 [uper
707 2424 964 2508 Aequimaelium
981 2427 1019 2487 in
1034 2427 1124 2509 Cepi·

111 2522 205 2594 tolio,
228 2531 260 2577 et
275 2516 359 2577 viam
379 2513 463 2576 filice
478 2512 685 2575 sternendam
701 2535 720 2572 a
733 2531 826 2597 porta
839 2517 969 2597 Capena
984 2512 1027 2573 ad
1039 2506 1126 2573 illarss
1149 2502 1153 2515 ⁸

111 2607 151 2666 tis
172 2606 367 2663 locaverunt.
424 2600 597 2683 Campani,
640 2603 696 2662 ubi
718 2600 944 2677 censerentur,
975 2598 1126 2661 leuatum

112 2692 349 2756 consuluerunt.
366 2686 545 2761 decretum,
564 2687 611 2746 uti
625 2689 747 2747 Romae
763 2687 982 2751 censerentur.
1011 2685 1126 2769 Aquae

111 2782 260 2860 ingentes
278 2796 315 2833 eo
336 2795 424 2833 anno
447 2772 587 2834 fuenint.
633 2776 759 2835 Tiberis
782 2774 951 2837 duodecies
973 2794 1125 2856 campum

112 2866 261 2933 allenium
276 2863 435 2945 planaque
453 2862 538 2921 urbis
554 2861 734 2927 inundavit.
779 2860 898 2930 Aan.
910 2861 1035 2923 Manlio
1048 2880 1124 2921 oon·

110 2944 281 3015 l'ule'bello
300 2950 336 3009 in
350 2946 424 3008 Alia
445 2971 517 3008 eum
534 2948 635 3011 Gallis
658 2946 820 3030 perfecto,
849 2950 929 3009 alter
950 2946 1061 3008 conlui
1076 2948 1122 3031 Μ

112 3041 256 3112 Fulvius,
284 3034 471 3119 perdomitis
492 3034 634 3115 Aetolis2
653 3058 726 3095 cuin
748 3034 916 3119 trajecisset
936 3036 974 3096 in
987 3033 1124 3117 Cephal-

111 3128 249 3199 leniam,
264 3123 349 3185 eitca
366 3124 506 3183 civitates
517 3120 639 3183 insulae
653 3122 735 3183 milit
748 3140 991 3205 percontatum,
1013 3136 1124 3181 utrum

109 3213 142 3276 le
157 3211 276 3273 dedere
285 3212 451 3285 Romanis,
466 3231 509 3269 an
524 3210 601 3270 belli
614 3208 777 3270 fortunam
792 3210 950 3293 expeririq
963 3206 1122 3281 mallent?
1148 3208 1152 3217 “

109 3303 213 3365 Metus
232 3297 272 3357 ad
288 3317 400 3357 omnes
414 3297 525 3372 valuit,
548 3317 591 3355 ne
607 3295 808 3357 deditionem
828 3295 1021 3359 recusarent.
1036 3312 1039 3319 ·
1067 3297 1133 3375 oba,

110 3386 189 3449 lides
208 3384 288 3446 inde
305 3384 476 3465 imperatos
496 3405 555 3465 pro
577 3384 697 3444 viribus
711 3385 817 3466 inopis
833 3385 960 3467 populi,
990 3384 1123 3465 vieenqs

109 3471 273 3546 Neliotae‚
295 3472 422 3545 Cranii,
446 3469 591 3529 Palenses
613 3478 645 3531 et
659 3471 782 3531 Samaei
796 3470 965 3533 dederunt.
991 3466 1122 3553 ‘Inspe
1141 3484 1145 3491 '

109 3577 254 3641 rata’pax
263 3556 489 3639 Cephalleniae
499 3554 683 3631 al'l'ullerat3·
700 3579 773 3617 culn
780 3575 917 3643 repente
924 3580 992 3620 una
1000 3556 1120 3633 civitas,

108 3649 270 3713 incertum
287 3650 390 3725 'quarn
411 3645 453 3701 ob
471 3642 611 3717 causan,
639 3643 761 3710 Samaei
780 3643 991 3707 desciverunt.
1037 3644 1122 3722 Quia

92 3750 288 3820 opportuno
300 3731 375 3794 loco
388 3730 467 3795 urbs
483 3727 585 3815 polin
597 3728 695 3807 elles,
710 3728 847 3793 timtnlle
860 3730 892 3793 le
907 3732 1057 3813 aiebant,
1075 3752 1121 3793 ne

1030 3814 1127 3875 neuun
