2354 4140
50 92 53 199 l
224 147 541 223 traenxxnn.
582 150 1113 263 ‘caemmxva

99 240 912 261 mm

308 246 539 337 WB.
640 286 667 325 a.
686 266 719 324 C.
735 263 776 324 N.
798 266 868 345 196.

708 346 1114 371 ....-...........-,

119 402 260 447 erratum
270 408 279 465 3
302 407 373 445 non
389 386 461 467 quia
479 383 550 445 lutis
566 384 680 467 dignos
697 406 749 446 eos
767 384 932 462 credebat,
954 385 1011 447 sed
1025 390 1108 468 quia,

60 486 65 499 '
97 482 109 535 ’.
154 472 263 533 tiocho
283 492 356 555 rege
378 473 442 555 jam
459 470 614 554 iuspecto,
636 470 727 533 favor
744 473 964 535 conciliandus
979 476 1109 536 nomini

58 584 63 601 ·
98 560 252 621 Romano
267 557 352 641 apud
367 560 507 619 civitates
522 575 598 618 erat.
642 558 816 635 lleltitutis,
836 558 1002 621 confestim
1015 580 1109 643 appa·

100 648 180 731 mit,
204 667 298 728 quam
315 646 406 705 nulla
419 646 500 707 inita
517 644 602 729 apud
619 646 753 707 Boeotos
765 648 865 728 gratia
880 646 964 709 effer.
986 668 1064 707 nam
1077 662 1111 707 et
1154 670 1158 677 ’

100 732 141 795 ad
172 733 357 815 Philippum
383 733 497 816 gratias
522 748 652 815 agentes
679 756 738 816 pro
758 732 893 795 redditis
913 732 1109 807 hominibus,

97 816 240 907 perinde
255 837 353 901 etque,
364 818 422 902 ipfi
437 818 503 879 ida
520 820 672 899 Quinctio
687 836 719 879 et
733 821 890 881 Romanis
900 820 1009 880 datum
1023 820 1109 893 esset,

97 906 275 969 miserunt}
296 923 328 966 et
339 906 472 967 comitiis
485 906 639 989 proximis
646 906 866 969 Boeotarchen
880 908 1003 967 nullam
1017 908 1110 966 aliam

50 1002 57 1055 .'
98 998 140 1056 ob
158 992 285 1056 causam
299 992 501 1074 Brachyllem
517 992 694 1075 quendam,
722 1016 816 1075 quam
834 993 919 1075 quod
931 992 1111 1078 praefectus

60 1075 69 1143 ⁴.
99 1084 293 1143 Boeotorum
324 1080 408 1164 apud
429 1102 535 1165 regem
560 1080 765 1143 militantium
785 1080 908 1158 suisset,
943 1080 1110 1153 fecerunt3

98 1169 280 1257 praeteritis
293 1168 473 1251 Zeuxippo,
495 1184 527 1227 et
542 1165 704 1243 limitato,
719 1168 862 1251 aliisque,
875 1169 930 1251 qui
943 1170 1113 1229 Romanae

50 1298 53 1303 ·
100 1255 255 1318 societatis
277 1271 420 1315 auctores
444 1252 582 1315 fuerant.
628 1252 664 1315 Iti
678 1274 771 1336 aegre
786 1271 817 1315 et
829 1254 1061 1340 inpraesentia
1074 1253 1110 1313 hi

104 1338 200 1425 paffi,
226 1358 259 1402 et
281 1343 319 1403 in
341 1341 483 1401 futurum
507 1342 600 1403 etiam
621 1358 742 1401 metum
764 1358 936 1425 oeperunt,
973 1364 1047 1402 cum
1069 1336 1112 1399 ad

101 1443 210 1511 portas
223 1446 325 1511 prope
342 1426 475 1489 sedente
490 1429 631 1489 exercitu
643 1430 792 1488 Romano
811 1450 848 1489 ea
863 1428 995 1505 fierent,
1019 1424 1109 1509 qnid·

100 1534 180 1575 nem
193 1512 225 1575 sc
242 1513 384 1575 futurum
399 1514 483 1591 esset,
497 1514 647 1599 profectis
661 1516 699 1577 in
715 1516 837 1576 Italiam
846 1516 1022 1590 Romanis3
1039 1514 1109 1577 Plri-

98 1600 189 1685 lippo
211 1622 252 1661 ex
265 1603 448 1684 propinquo
462 1602 559 1665 socios
576 1602 764 1689 adjuvante,
788 1618 821 1663 et
836 1600 952 1665 inscito
965 1602 1032 1677 his,
1053 1600 1109 1683 qui

98 1689 203 1773 pertis
218 1686 369 1749 aduersae
383 1686 521 1751 luissent.

192 1860 353 1945 XXVIII.
385 1858 476 1921 Dum
483 1861 633 1921 Romana
648 1882 736 1923 arma
747 1860 928 1945 propinqua
935 1860 1107 1937 hebebant,

100 1942 217 2014 tollere
239 1944 459 2021 Brachyllem,
485 1946 667 2027 principem
689 1946 849 2005 fautorum
868 1948 970 2027 regis,
998 1948 1110 2007 statue·

74 2043 191 2093 tunt.
237 2046 269 2091 et
294 2045 439 2112 tempore
460 2030 501 2090 ad
523 2052 595 2093 eam
614 2052 685 2091 rem
703 2046 812 2112 capto,
838 2052 910 2094 mm
933 2033 968 2091 in
984 2032 1111 2111 publico

99 2114 246 2201 epulatus
269 2132 485 2178 reverteretur
506 2115 638 2177 domum
653 2118 867 2193 tumulentus,
895 2115 1116 2199 prosequentis

98 2204 160 2265 bus
183 2204 335 2265 mollibus
360 2205 455 2280 viris,
486 2204 540 2288 qui
561 2205 623 2285 joci
645 2203 734 2263 eauia
755 2203 903 2264 convivio
923 2202 1042 2263 celebri
1061 2202 1112 2261 in·

90 2286 296 2368 ‘terfuerant3
319 2286 428 2353 abfer
439 2292 576 2367 amatis,
600 2312 735 2375 quorum
750 2306 814 2351 tres
831 2289 948 2368 Italici,
971 2305 1035 2375 tres
1049 2284 1112 2349 Ae·

56 2384 59 2389 '
98 2376 319 2453 relicturam,
346 2377 584 2441 circmnrentus
607 2376 769 2441 occiditur.
814 2377 899 2461 Fuga
913 2377 1064 2438 comitum
1079 2390 1114 2435 et

100 2464 262 2547 quiritatio
290 2462 391 2540 faeta,
424 2458 459 2527 ''et
487 2466 639 2527 tumultus
670 2467 838 2539 totalurbe
860 2462 1111 2525 discurrentium

97 2572 175 2611 cum
195 2550 384 2613 luminibus.
433 2547 629 2636 perculsores
649 2552 796 2634 proxima
815 2567 909 2635 porta
930 2550 1108 2613 evaserunt.

98 2639 185 2700 Luce
199 2640 305 2723 prinla
323 2638 436 2699 concio
450 2637 619 2723 frequens,
649 2636 891 2721 velut'exltante
904 2638 1045 2715 indicio,
1067 2634 1109 2695 ad

97 2744 213 2787 vocem
232 2725 404 2807 praeconis
428 2740 601 2788 convocata
619 2726 658 2786 in
677 2725 801 2785 theatro
823 2740 900 2785 eret.
944 2727 1048 2787 Palam
1068 2724 1109 2782 ab

98 2808 154 2872 Ino
176 2813 327 2871 comitatu
348 2827 381 2871 et
403 2811 566 2875 obscoenis
585 2813 650 2872 illis
673 2811 750 2872 viris
771 2808 956 2871 fremebant
975 2808 1108 2871 interfe-

99 2912 203 2959 ctum:
237 2899 355 2958 animis
375 2900 481 2960 autem
502 2898 704 2981 Zeuxippum
721 2912 882 2959 auctorem
906 2896 1110 2959 destinabant:

100 2980 221 3047 caedis..
236 2986 278 3045 In
293 2983 472 3067 praesentia
485 2985 604 3069 plicuit
616 3006 688 3045 eom
711 2982 850 3046 rehendi
865 3006 929 3061 cot,
948 2984 1004 3065 qui
1017 2981 1109 3042 fimul

95 3066 249 3157 fuissent,
275 3066 555 3157 quaestionemque
569 3092 611 3132 ex
622 3071 673 3133 his
688 3007 809 3133 iuberi.
854 3070 1000 3153 quidum
1016 3084 1107 3151 quae·

98 3168 234 3234 rentur,
270 3158 467 3241 Zeuxippus,
505 3155 662 3220 consimili
691 3158 800 3218 animo
829 3155 996 3219 avertendi
1015 3159 1055 3216 ab
1074 3154 1107 3216 se

95 3243 246 3305 criminis
261 3243 351 3304 causa
366 3246 404 3305 in
415 3246 608 3309 concionem
621 3242 809 3327 progressus,
827 3264 935 3305 errare
949 3245 993 3304 ait
1007 3243 1108 3304 homi·

96 3348 171 3407 net,
192 3330 326 3413 quitaoi
339 3346 480 3405 atrocem
492 3331 624 3393 caedem
637 3331 802 3413 pertinere
818 3328 861 3389 ed
867 3330 937 3391 illos
944 3330 1108 3393 semiviros

87 3412 289 3495 'crederenta
301 3436 303 3441 ’
316 3419 477 3503 multaque
497 3420 536 3481 in
557 3440 627 3483 eam
644 3433 773 3499 partem
794 3417 999 3498 probabiliter
1020 3436 1107 3498 ergu-

93 3519 278 3581 mentatus‚
303 3505 415 3587 quibus
429 3504 523 3565 fidem
540 3502 626 3589 apud
640 3500 792 3585 quosdam
808 3501 900 3581 fecit,
927 3522 1106 3585 nunquam,

52 3631 55 3640 ·
93 3586 121 3651 li
141 3588 286 3653 conscius
301 3590 395 3667 effet,
417 3593 595 3654 oblaturum
608 3588 641 3651 se
656 3589 871 3669 multitudini,
894 3594 1107 3653 mentionem·

61 3680 79 3693 ''
93 3696 137 3739 ue
157 3674 266 3738 caedis
275 3680 295 3755 ,'
312 3679 404 3739 nullo
423 3677 626 3752 lacessente,¹
641 3674 798 3737 facturum
810 3676 911 3739 fluisse.
955 3675 1022 3736 Alii
1035 3690 1107 3733 nou

94 3759 265 3857 dubiter'e3
286 3764 414 3837 obvium
436 3763 546 3829 eundo
568 3760 775 3847 impudenter
794 3763 944 3829 criminis
961 3756 1104 3843 suspicio·

1027 3864 1108 3909 uem
1173 3912 1176 3917 ,
