2354 4140
32 148 35 153 ·
96 76 613 226 'taff—„Qut
659 110 842 187 tntu.

319 230 359 289 U.
376 230 410 289 C.
427 228 502 306 574·
632 226 917 325 3,θὲζέἰᾶ-

101 350 209 415 nelius
229 347 343 413 dextra
358 350 450 409 litora
466 368 564 430 usque
579 346 621 407 ad
628 349 825 423 Tarentum,
847 347 882 408 C.
898 345 1011 405 Furius
1034 344 1124 404 laeva

103 458 203 519 usque
228 434 271 495 ati
283 432 465 518 Aquileiam
486 448 637 495 tueretur.
681 434 748 495 Eae
763 451 861 494 naves
876 430 919 492 ad
936 430 1123 515 proximum

105 541 234 608 portum
251 524 289 583 in
296 522 405 583 Istriae
420 522 500 582 fines
512 542 585 580 cum
594 523 752 583 onerariis
768 537 800 581 et
813 540 930 603 magno
945 530 1124 578 commeatu

103 608 234 671 millae:
257 607 440 693 secutusque
456 630 530 668 cum
545 608 724 691 legionibus
737 606 846 669 consul
861 607 1006 689 quinque
1021 604 1130 665 iet-me

105 697 208 758 millia
228 716 247 755 a
268 697 351 757 mati
378 694 482 781 posuit
503 693 612 755 eastra.
657 698 698 757 ln
721 711 814 778 portu
830 693 1012 776 emporium
1035 692 1127 755 brevi

25 820 34 851 t
103 781 318 869 perfrequens
339 781 476 859 lactum,
519 782 693 865 omniaque
704 783 784 843 hinc
798 782 837 842 in
849 778 950 841 castra
964 778 1128 863 supporta·¹

104 874 234 931 bantur.
279 885 329 945 et,
372 892 434 953 quo
448 867 484 930 id
504 870 600 930 tutius
614 870 721 947 lieret,
752 869 901 929 [tationes
919 868 960 927 ab
974 866 1127 927 omnibns

104 956 279 1018 castrorum
294 958 436 1039 partibus
452 953 665 1017 circumdatae
678 954 768 1016 sunt:
780 957 822 1016 in
837 953 1025 1036 istriamque
1034 952 1130 1013 [uum

129 1040 299 1105 raestdium
319 1042 481 1118 stativum,
508 1046 684 1127 repentina
699 1042 812 1103 cohors
827 1042 1016 1117 Placentina
1030 1060 1130 1123 oppo-

104 1067 161 1191 ita
174 1130 263 1202 inter
277 1150 367 1192 mare
383 1146 414 1191 et
429 1129 545 1191 castra:
576 1146 624 1206 et,
646 1144 681 1189 ut
694 1128 782 1192 idem
797 1128 998 1211 aquatoribus
1014 1125 1062 1187 ari
1071 1126 1127 1186 llu-

103 1218 195 1282 vium
209 1214 287 1279 esset
307 1214 516 1299 praefidium,
535 1217 580 1278 M.
595 1214 750 1279 Aebutius
764 1218 914 1277 tribunus
926 1210 1130 1276 militamu-

105 1303 235 1368 ountiae
253 1303 389 1386 legionis
410 1302 489 1365 duos
506 1304 690 1387 manipulos
709 1304 848 1365 militum
868 1300 1009 1385 adjicere
1030 1298 1126 1385 julius

105 1392 160 1454 est.
206 1392 246 1451 T.
269 1406 302 1449 et
325 1391 359 1451 C.
379 1386 466 1452 Aelii
485 1391 609 1451 tribuni
631 1391 770 1452 militum
797 1390 960 1473 legionem
980 1388 1125 1461 tertiam,

104 1498 188 1561 quae
200 1477 402 1561 pabulatores
418 1492 451 1537 et
469 1478 642 1561 lignatores
658 1492 817 1553 tueretur,
839 1478 909 1553 ria,
928 1478 1014 1559 ‘quae
1029 1470 1124 1557 Aqui·

104 1564 203 1646 tejam
220 1560 302 1640 fert,
334 1562 504 1624 duxerant.
549 1562 602 1625 Ab
622 1564 739 1625 eadem
760 1564 893 1647 regione
911 1562 1003 1624 mille
1022 1558 1126 1623 ferme

105 1648 254 1733 palluum
266 1646 366 1711 castra
380 1667 474 1711 erant
483 1652 668 1712 Gallorum:
687 1652 845 1713 Cannelus
858 1672 918 1735 pro
930 1650 1043 1735 regulo
1058 1661 1126 1729 crat

107 1738 210 1801 ribus
216 1734 315 1808 thaud
326 1738 465 1825 amplius
474 1733 614 1799 millibus
629 1754 833 1799 armatorum.

919 302 1125 319 m

195 1911 238 1973 11.
260 1908 348 1987 Istri,
375 1926 412 1971 ut
429 1910 574 1994 primum
593 1907 638 1969 ad'
657 1910 764 1971 lacum
778 1908 906 1972 Timavi
929 1907 1031 1971 uestra
1052 1908 1125 1971 [unt

106 2000 259 2060 Romana
268 2012 373 2073 mota,
392 1996 452 2080 ipli
467 1996 537 2081 post
546 1997 661 2057 collem
675 1996 798 2057 occulto
806 1996 877 2057 loto
890 1994 1123 2071 consederunt3

108 2101 140 2149 et
149 2084 231 2147 inde
238 2085 374 2167 obliquis
388 2084 557 2146 itineribus
570 2104 688 2167 agmen
702 2083 929 2166 sequebaniur,
945 2085 984 2144 in
991 2082 1125 2145 omnem

106 2171 307 2233 occasionem
327 2170 464 2232 intenti:
522 2191 587 2232 nec
611 2168 787 2255 quidquam
814 2190 885 2247 eos,
929 2192 1011 2255 quaa
1039 2188 1125 2233 terra

106 2261 253 2407 Quippe
268 2274 457 2404 agerqqttur,
485 2256 625 2405 fallebat,
662 2254 835 2405 ll’osttquam
847 2257 998 2406 ltfattgones
1010 2258 1129 2405 invqliq

105 2367 208 2493 tait
225 2366 368 2492 {titt
382 2365 613 2507 limiti,
624 2364 1127 2494 ”tttttttsutttlttf

106 2519 186 2579 timo
195 2518 416 2593 munimento,
432 2516 603 2594 viderunt,
622 2516 686 2579 duo
700 2517 792 2581 limul
805 2516 977 2603 praefidia,
994 2521 1126 2581 Placen·

105 2605 196 2665 tinae
207 2602 363 2678 cohortis,
380 2619 413 2663 et
425 2604 668 2688 manipulorum
682 2604 842 2667 secundae
857 2606 1004 2691 legionis,
1017 2627 1127 2691 aggre-

106 2688 251 2751 diuntur.
294 2688 422 2749 Nebula
442 2691 599 2752 matutina
611 2708 736 2754 texerat
756 2693 938 2777 inceptum:
968 2715 1034 2777 qua
1047 2694 1126 2755 dila-

106 2778 206 2837 bente
223 2774 265 2837 atl
279 2776 422 2861 primum
443 2794 589 2861 teporem
607 2776 697 2861 solis,
725 2779 898 2863 perlucens
911 2781 977 2865 jam
988 2778 1126 2865 aliquid,

105 2864 230 2925 incerta
250 2878 379 2940 tamen,
422 2880 458 2925 ut
477 2864 572 2943 solet,
600 2866 673 2945 lux,
697 2864 837 2951 speciem
852 2869 1000 2931 omnium
1015 2868 1126 2945 multi·

104 2950 224 3035 plicam
243 2951 386 3013 intuenti
406 2949 568 3031 reddens,
597 2968 668 3015 tum
687 2975 812 3038 quoque
833 2952 982 3016 frustrata
1002 2956 1125 3017 Roma-

104 3055 185 3115 nos,
214 3038 316 3103 multo
342 3039 498 3123 majorem
522 3040 579 3117 iis,
608 3062 704 3124 quam
729 3058 819 3119 erat,
851 3040 990 3104 hostium
1018 3044 1125 3104 aciem

104 3120 252 3187 ostendit.
295 3145 359 3208 qua
379 3127 483 3188 territi
504 3128 670 3211 utriusque
690 3128 832 3213 ‚stationis
851 3129 969 3191 milites
992 3130 1132 3215 ingenti

103 3208 242 3289 tumultu
255 3231 328 3282 cum
343 3212 382 3273 in
395 3212 495 3273 mitra
509 3211 742 3297 confugissent,
764 3213 853 3277 bauti
865 3218 961 3300 paulo
975 3217 1023 3278 ibi
1037 3216 1121 3301 plus,

67 3358 70 3365 .
102 3312 200 3377 qum
209 3296 301 3381 quod
311 3296 419 3362 fecum
432 3300 444 3360 i
467 3296 491 3361 fi
504 3301 693 3381 attulerant,
709 3304 840 3365 terroris
855 3302 1014 3367 fecerunt.
1033 3304 1122 3365 Nam

103 3400 212 3465 neque
230 3381 358 3462 dicere,
383 3322 466 3468 quii
481 3383 650 3469 fugissent,
678 3410 743 3451 nee
760 3391 1027 3473 percontantibus
1048 3388 1120 3453 red·

102 3464 182 3532 clero
199 3464 390 3617 reallponlum
412 3470 578 3557 poterant:
622 3490 656 3537 et
670 3477 793 3537 clamor
815 3479 853 3539 in
874 3478 975 3561 portis
996 3478 1048 3555 (ut
1064 3468 1120 3539 ubi

101 3556 194 3621 nulla
277 3556 410 3636 titatio,
438 3580 520 3642 quae
540 3558 710 3625 sustineret
724 3565 896 3647 impetum)
912 3564 1118 3627 audiebatur:

92 3656 129 3705 ct
150 3641 363 3711 concursatio¹
374 3646 414 3707 in
432 3644 566 3709 obscuro
584 3648 803 3713 incidentium
825 3652 962 3713 aliorum
983 3654 1022 3713 in
1039 3651 1118 3712 alios

76 3730 255 3825 iustum
272 3730 925 3825 fouentstnltoititintrmllumiioe
963 3740 1131 3881 stuttg

482 3845 485 3851 ’
1026 3840 1071 3879 bl&
1120 3856 1129 3867 ·

915 203 1120 223 m

1161 3806 1169 3834 ,l
