2354 4140
233 140 391 204 meua
416 142 510 203 xiv.
554 142 642 201 cn.
664 126 777 202 xant.
802 140 912 205 xttv.
949 168 952 173 ·
1018 148 1083 222 675

878 230 1081 249 *-

58 326 266 352 m
876 329 1080 347 .............
1104 312 1107 319 .

64 371 133 430 cius
151 369 372 449 Quirinalibus
388 367 598 449 triumphavit
615 365 656 426 de
671 386 746 449 rege
757 366 877 427 Gentio
895 370 1085 450 Illyriisque.

65 456 190 521 Similia
204 455 318 517 omnia
334 455 435 537 magis
444 453 508 514 visa
524 454 720 527 hominibus,
738 474 833 534 quam
847 456 947 539 paria.
973 459 1092 518 minor'

57 544 133 629 ipse
156 544 351 625 imperator,
375 555 406 601 et
428 540 596 601 nobilitate
615 538 749 601 Anicius
775 562 850 599 cum
868 540 1027 618 Aemilio,
1052 560 1084 604 et

65 632 138 716 jure
159 630 292 714 imperii
305 643 437 711 praetor
451 648 525 686 cum
539 625 669 687 consule
685 628 831 688 collatus:
854 648 926 688 non
944 630 1084 691 Gemina

68 716 198 791 Perseo,
238 736 310 775 non
330 712 434 794 Illyrii
455 714 705 789 Macedonibus,
743 735 814 774 non
842 714 943 797 spolia
965 716 1082 799 spotiis,

66 824 140 867 non
154 802 296 887 pecunia
309 802 485 885 pecuniae,
515 820 586 859 non
609 800 696 860 dona
711 796 806 865 donis
819 806 997 885 comparari
1015 822 1084 887 pot·
1122 840 1126 847 ·

56 898 171 952 erant.
214 891 325 971 Itaque
341 886 417 947 sicut
430 884 650 971 praefulgebat
666 886 740 946 huic
755 890 934 972 triumphus
949 910 1083 951 recens:

64 980 111 1041 ita
130 978 308 1061 apparebat
328 973 433 1057 ipsum
452 996 511 1057 per
525 974 567 1034 se'
581 974 780 1035 intuentibus
796 996 997 1058 nequaquam
1016 978 1083 1039 esse

28 1121 35 1129 .
65 1060 359 1126 contemnendum.
405 1060 632 1123 Perdomuerat
647 1060 736 1121 intra
754 1083 871 1143 paucos
888 1063 971 1142 dies,
995 1082 1083 1127 terra

67 1152 216 1233 marique
243 1148 405 1225 ferocem,
442 1148 581 1230 locisque
612 1146 745 1207 munitis
780 1147 914 1227 fretam,
952 1168 1083 1235 gentem

68 1236 410 1319 Illyriorum:'rege1n
441 1236 610 1319 regiaeque
647 1254 761 1295 omnes
794 1233 900 1319 stirpis
936 1256 1084 1321 ceperat:

10 1326 18 1339 “
57 1324 228 1387 transtulit
246 1325 285 1385 in
308 1321 509 1405 triumphum
527 1324 628 1381 multa
644 1321 799 1383 militaria
829 1322 937 1406 signa,
971 1327 1084 1409 spolia-

66 1432 130 1495 que
152 1412 228 1487 alia,
267 1426 299 1470 et
320 1408 549 1493 supellectilem
575 1409 711 1490 regiam:
744 1408 812 1469 auri
836 1408 948 1491 pondo
963 1408 1085 1496 'viginti

16 1516 98 1578 „et
118 1497 258 1581 septem,
287 1496 412 1581 argenti
433 1494 546 1556 decem
568 1510 600 1555 et
622 1515 742 1555 novem
762 1496 890 1578 pondo:
911 1492 1087 1563 denarium

13 1648 17 1653 .
65 1585 129 1649 tria
142 1584 257 1661 millia,
275 1600 307 1643 et
324 1599 455 1644 centmn
468 1581 700 1667 vigintimillia
715 1582 817 1661 illyrii
832 1586 967 1668 argenti.
995 1584 1087 1649 Ante
1173 1612 1176 1617 ·

57 1694 199 1732 eurrnm
220 1670 308 1732 ducti
332 1670 470 1732 Gentius
491 1690 551 1729 rex
570 1688 641 1727 cnm
670 1668 804 1749 conjuge
832 1688 864 1731 et
890 1673 1018 1753 liberie,
1052 1690 1098 1737 et-

20 1776 24 1781 ·
51 1759 278 1821 eemundus
299 1756 400 1817 frater
422 1757 526 1838 regis,
549 1771 581 1815 et
597 1756 716 1835 aliquot
728 1757 855 1818 nobiles
870 1759 984 1838 Illyrii.
1029 1762 1086 1826 De

12 1860 17 1866 '
66 1842 191 1929 pra'eda
203 1846 355 1907 militibus
365 1845 402 1906 in
417 1842 554 1927 singulos
563 1839 783 1925 quadragenos
791 1846 907 1924 quinos
921 1844 1084 1924 denarioS,

19 1962 31 2005 .·
68 1931 190 2015 duplex
203 1932 405 2007 centurioni,
428 1932 547 2013 triplex
568 1928 684 2011 equiti,
708 1926 799 1990 sociis
814 1932 961 1992 nominis
977 1935 1086 1995 Latini

21 2068 24 2073 .
68 2026 225 2101 quantum
233 2020 378 2093 civibus,
403 2032 434 2077 et
449 2016 542 2079 sociis
555 2015 724 2077 navalibus
742 2014 833 2079 dedit
856 2035 1012 2101 quantum
1025 2022 1085 2081 tni·

67 2107 185 2168 litibus.
196 2140 200 2145 ·
213 2108 339 2167 Laetior
351 2104 442 2165 hunc
457 2103 656 2187 triumphum
673 2100 717 2163 est
732 2101 855 2166 secutus
872 2107 982 2183 miles,
1005 2108 1085 2167 mul·

65 2196 171 2279 eisque
192 2192 259 2255 dux
277 2190 343 2275 ipse
371 2192 566 2251 carminibus
593 2188 779 2253 celebratus.
823 2191 1001 2254 sestertium
1028 2193 1084 2255 du·

67 2282 202 2345 centies·
215 2300 258 2339 ex
280 2300 317 2338 ea
337 2277 460 2363 praeda
481 2276 647 2341 redactum
665 2274 746 2350 esse,
773 2296 883 2338 auctor
898 2278 943 2339 esi
955 2280 1083 2356 Antias,

66 2362 197 2455 praeter
210 2387 324 2425 aarum
340 2382 582 2449 argentumque,
599 2361 730 2445 quodin
743 2367 901 2449 aerarium
915 2364 952 2426 stt
965 2369 1083 2428 latum:

55 2454 156 2541 'quod
176 2454 251 2537 quia
266 2450 353 2511 unde
374 2452 478 2535 redigi
493 2453 652 2534 potuerit,
674 2470 746 2511 non
768 2456 957 2534 apparebat,
981 2472 1084 2515 aucto·

34 2548 39 2561 ’
66 2565 141 2607 rem
158 2563 218 2625 pro
234 2538 383 2622 reposui.
415 2542 490 2599 Rex
504 2538 643 2599 Gentius
659 2558 730 2596 curn
746 2536 872 2616 liberis,
893 2558 925 2601 et
938 2544 1084 2625 coniuge,

67 2646 102 2691 et
128 2626 230 2690 fratre
260 2616 435 2709 Spoletium
463 2628 501 2686 in
529 2622 704 2684 custodiam
734 2644 774 2687 ex
810 2626 1085 2690 senatusconsulto

10 2754 17 2763 -
67 2716 200 2789 duetus,
223 2714 323 2774 ceteri
345 2713 461 2795 captivi
474 2714 600 2773 Romae
613 2712 651 2772 in
672 2732 837 2775 carcerem
858 2716 1011 2797 conjecti:
1035 2736 1085 2775 re·

10 2814 12 2823 '
53 2800 314 2883 ·cusantibusqoe
341 2797 522 2859 'custodiam
546 2799 735 2883 SpoletiniS,
772 2802 958 2886 igituruium
994 2804 1089 2882 reges

10 2882 36 2941 ’ἒ
66 2884 215 2948 traducti·
259 2888 433 2969 Reliquum
456 2907 496 2945 ex
516 2888 645 2968 Illyrico
660 2886 800 2970 praedae
816 2887 949 2947 ducenti
971 2886 1087 2967 viginti
1139 2940 1143 2953 ,

10 2968 14 3006 ²¹
32 3024 37 3031 .
53 2973 169 3036 lembi
187 2990 308 3051 eranu-
329 2973 370 3034 de
394 2973 518 3035 Gentio
542 2994 616 3057 rege
637 2989 745 3057 captos
760 2994 813 3034 eos
829 2972 1042 3052 CorcyraeiS,
1055 2988 1088 3033 et

11 3060 14 3065 ’
65 3061 347 3145 Apolloniatibus,
385 3074 417 3121 et
433 3058 653 3141 Dyrrachinis
683 3058 722 3135 Q·
748 3056 865 3119 Cassius
887 3078 929 3119 ex
946 3056 1090 3122 'senatus-

10 3147 213 3227 ,sconsulto
226 3147 347 3213 tribuit.
925 3142 928 3147 ¹
1056 3195 1067 3209 e

10 3238 14 3247 '
77 3248 81 3253 ·
156 3234 265 3293 XLIV.
304 3228 457 3291 Consules
479 3250 519 3291 eo
542 3250 650 3307 anno,
687 3250 762 3314 agro
787 3244 915 3295 tantum
937 3230 1089 3315 Ligurum

10 3386 13 3391 ,
52 3319 241 3407 populato,
280 3334 354 3375 eum
376 3314 480 3377 hostes
502 3319 661 3397 exercitus
690 3330 860 3401 nunquam
891 3316 1087 3399 adstitissent,

52 3406 164 3470 'nulla
184 3423 221 3463 re
245 3400 451 3463 memorabili
469 3404 571 3486 gesta,
591 3404 731 3467 Romam
748 3406 788 3466 ad
804 3406 1003 3491 magistratus
1022 3406 1092 3468 suh-
1159 3440 1162 3445 ,

61 3488 229 3581 rogandos
255 3489 450 3564 redierunt;
485 3504 518 3549 et
542 3490 649 3573 primo
675 3494 830 3555 comitiali
861 3493 915 3554 die
943 3482 1090 3556 consules

10 3602 13 3665 2
38 3650 43 3655 ,
67 3570 221 3645 crearunt
235 3580 281 3639 M.
297 3573 465 3638 Claudium
483 3576 683 3656 Marcell-um,
706 3583 740 3643 C.
758 3580 933 3666 Sulpicium
946 3570 1094 3645 Gallum..

10 3678 12 3685 '
66 3666 202 3731 Deinde
223 3682 388 3750 praetores
401 3661 605 3747 postero'die
628 3666 663 3728 L.
681 3668 817 3747 lulium,
836 3671 870 3731 L.
892 3665 1093 3753 Appuleium

10 3790 17 3834 ,-
70 3754 302 3839 Saturninum,
339 3751 380 3837 A.
402 3750 568 3819 Licinium
589 3751 762 3838 Nervam,
785 3759 828 3827 P,
841 3754 1021 3827 Animam
1035 3750 1118 3807 ffi-

13 3854 21 3869 ·
192 3876 200 3891 ι
561 3844 672 3919 Una
719 3858 723 3863 '
889 3842 892 3847 ’
1034 3848 1148 3908 :ms
