2354 4140
37 100 1024 229 „AQQQ-o

133 222 174 281 tJ.
190 222 225 283 C.
239 222 314 301 569.
351 289 356 297 ,
782 230 795 243 '

37 366 81 423 n,
105 346 141 405 C.
157 343 350 418 Flaminius,
374 344 408 403 l..
424 344 565 405 Manlius
578 342 747 409 Acidinus.
790 348 914 413 Eodem
930 374 1021 417 anno

37 434 131 495 urina
152 447 183 491 et
205 432 317 491 Parma
340 430 486 491 coloniae
501 430 725 495 Romanorum
743 438 860 501 civium
878 440 952 501 sunt
966 440 1019 503 de·

37 536 128 591 totae.
155 518 236 579 bina
249 517 350 577 millia
364 516 536 577 hominum
558 520 595 579 in
610 542 701 605 agro,
724 525 778 609 qui
792 529 940 609 proxime
959 529 1018 591 Bo·

37 630 124 684 rum,
162 610 239 693 unte
260 602 439 667 Tuscorum
460 604 581 683 fuerat,
609 624 726 671 octona
747 610 856 695 jugera
876 618 1018 693 Parmae,

37 696 102 765 tina
122 693 270 774 Mutinae
290 708 493 775 acceperunt.
548 692 768 759 Deduxerunt
789 702 947 763 triumviri
969 705 1017 765 nt.

37 782 159 847 emilius
182 782 226 843 Le
250 778 339 857 idus,
376 780 416 840 T.
443 778 597 861 Aebutius
631 786 746 863 Carus,
784 788 818 848 l..
849 789 1018 867 Quinctius

37 870 177 957 ispinus.
285 867 433 931 Saturnia
453 869 580 930 colonia
603 870 718 932 civium
736 875 960 935 Romanorum
981 878 1018 937 in

37 981 111 1023 rum
136 957 344 1036 Caletranum
366 940 411 1014 el't
436 952 581 1016 deducta.
632 956 836 1021 deduxerunt
858 962 1019 1027 triumviri

53 1033 174 1109 F‘abius
196 1044 320 1117 Labe03
342 1042 376 1103 C.
397 1039 553 1105 Afranius
575 1042 702 1125 Stellio,
732 1046 783 1108 Ti.
807 1050 1017 1133 Sempronius

37 1131 178 1197 teuchus.
221 1130 331 1215 jugere
343 1130 381 1191 in
395 1128 534 1213 singulos
556 1128 630 1191 data
652 1132 775 1195 decem.

85 1298 170 1369 L'vl.
195 1300 321 1367 Eodem
330 1300 465 1363 annoA.
475 1304 647 1367 Terentius
656 1306 827 1389 proconsul
842 1307 929 1371 baud
943 1330 1014 1393 pro-

37 1384 208 1458 turmine
235 1392 347 1467 Ibero,
384 1392 421 1450 in
443 1412 519 1473 agro
544 1389 727 1470 Ausetano,
761 1412 792 1453 et
821 1398 943 1479 proelia
969 1396 1014 1457 le·

38 1461 106 1542 itti!
120 1492 195 1541 cum
212 1477 378 1541 Celtiberis
395 1475 486 1552 feeit,
509 1494 542 1537 et
562 1480 697 1563 oppida,
721 1504 801 1563 quae
816 1484 859 1543 ibi
874 1503 1015 1544 commu-

38 1582 147 1645 erant,
169 1560 290 1649 aliquot
302 1568 506 1647 expugnavit.
542 1564 685 1627 Ulterior
701 1568 856 1650 Hispania
871 1592 910 1641 eo
924 1591 1014 1631 anno

46 1651 50 1660 ’
89 1674 146 1715 ace
168 1650 247 1731 fuit,
269 1653 394 1737 quiau'et
413 1654 441 1711 P.
466 1652 676 1735 Sempronius
693 1654 864 1737 proconsul
887 1656 1014 1719 diutino

38 1759 72 1824 rr
96 1746 101 1753 '
127 1736 174 1801 est
187 1740 370 1824 implicitus,
394 1755 436 1815 et,
459 1739 550 1799 nullo
564 1737 751 1816 lacellente,
773 1762 1014 1827 peropportune

38 1829 193 1901 ieverunt
228 1824 377 1889 Lufitani.
437 1826 508 1887 Nec
536 1827 575 1887 in
609 1826 774 1909 Liguribus
803 1832 1013 1891 memorabile

38 1893 81 1977 till
103 1932 176 1973 unm
197 1934 215 1973 tt
237 1916 276 1995 Q.
302 1914 399 1973 Fabio
422 1912 552 1973 consule
574 1912 703 1995 gestum.
763 1916 808 1975 lli.
832 1918 1011 1991 Marcellus,

37 2024 60 2071 τ,
92 2000 157 2075 ¹tritt
176 2016 355 2077 revocatus,
391 2001 532 2061 exercitu
552 1998 695 2077 dimisso,
720 2002 856 2061 Romam
874 2004 1013 2063 comitio-

38 2110 73 2159 ιιι
91 2082 184 2150 oa'ul'n
204 2086 310 2149 rediit.
354 2088 480 2149 Creavit
496 2086 640 2148 consules
661 2090 722 2147 Cu.
740 2090 894 2150 Baebium
918 2092 1012 2149 Tam-

38 2176 125 2247 ilum
146 2190 178 2235 et
199 2174 233 2237 l.
245 2172 421 2237 Aemilium
444 2174 598 2247 Paullum.
643 2197 718 2234 cum
739 2178 783 2236 M.
800 2176 1012 2237 AemilioLe·

38 2260 75 2325 lo
95 2256 151 2325 llic
170 2260 282 2329 aedilis
303 2262 421 2323 curulis
444 2258 566 2321 suerat:
603 2283 623 2320 a
649 2283 712 2343 quo
734 2262 862 2323 consule
883 2264 1012 2345 quintus

38 2368 104 2413 nus
118 2364 205 2426 erat,
226 2368 300 2409 eum
313 2349 340 2411 is
354 2348 419 2431 ipse
437 2346 574 2431 Lepidus
591 2348 659 2431 post
680 2348 758 2409 duas
781 2348 918 2433 repulsas
936 2372 1011 2411 con·

38 2434 161 2499 ¹fietus
174 2435 261 2499 ellet.
306 2438 468 2497 Praetores
489 2432 567 2494 inde
582 2434 658 2495 facti
673 2437 713 2514 Q.
730 2438 857 2499 Fulvius
871 2436 895 2497 F
897 2440 1010 2511 Iacens,

42 2522 203 2604 ‚Valerius
218 2523 393 2598 Laevinus,
418 2524 449 2581 P.
466 2522 606 2582 Manlius
629 2524 762 2598 iterum,
784 2526 828 2585 M.
854 2524 1011 2607 Ogulnius

38 2608 120 2688 illue,
139 2612 175 2673 L.
190 2606 343 2671 Caecilius
355 2608 494 2684 Denter,
518 2610 553 2670 (ἶ.
569 2610 742 2685 Terentius
756 2610 842 2673 ll'tra.
887 2612 1010 2694 Suppli-

38 2698 78 2760 io
98 2714 244 2759 extremo
265 2718 356 2757 anno
378 2694 438 2755 fnit
458 2694 678 2779 prodigiorum
699 2696 807 2773 caula3
835 2698 919 2779 quod
941 2698 1010 2757 lien-

38 2782 95 2847 tue
108 2804 170 2869 per
182 2780 317 2847 biduum
329 2782 442 2867 pluisse
456 2785 494 2845 in
511 2802 587 2843 area
600 2784 798 2845 Concordiae
814 2782 885 2845 [atis
901 2784 1009 2845 erede·

39 2870 105 2951 tn,
118 2872 368 2953 nuntiatumque
388 2887 473 2945 erat,
497 2868 584 2929 haud
605 2872 715 2953 procul
733 2872 838 2932 Sicilia
860 2870 1009 2948 insulam,

39 2976 78 3019 re
90 2978 165 3021 non
178 2973 254 3019 ante
266 2956 388 3035 fueret,
410 2978 530 3019 novam
545 2956 663 3019 editam
678 2959 789 3019 emori
804 2955 877 3016 elle.
922 2958 1009 3016 llan-

39 3046 142 3109 beltm
162 3046 226 3107 hoc
250 3066 340 3107 anno
353 3044 468 3106 Antias
488 3045 634 3107 Valerius
654 3042 813 3110 decessiss'e
829 3058 938 3101 auctor
953 3040 1008 3117 eir,

39 3134 107 3219 prio
118 3130 163 3193 ad
183 3132 339 3195 erm'reru
353 3130 395 3193 ed
415 3130 551 3193 Prusiam
567 3128 683 3207 millis,
705 3122 834 3217 praeter
849 3131 887 3189 T.
904 3130 1009 3208 Quin·

39 3242 96 3285 um
107 3220 340 3296 Flamininum,
356 3221 458 3300 (cujus
474 3222 513 3280 in
527 3240 564 3280 ea
580 3239 615 3278 re
629 3220 756 3281 celebre
764 3216 808 3280 est
821 3217 961 3291 nomen&
972 3216 1005 3277 L.

39 3291 149 3397 'filcile
160 3304 298 3369 Asiatico
312 3322 345 3369 et
358 3305 388 3367 li.
408 3306 558 3391 Scipione
571 3302 702 3387 Nebna.

309 3506 386 3542 ..κ
386 3506 699 3546 m
473 3510 476 3515 ·
599 3504 602 3509 “
676 3506 679 3511 “
700 3522 704 3529 .
