2354 4140
248 126 406 189 ιιΒΕιι
430 128 525 190 atu.
569 132 657 191 cn.
682 130 776 191 ιιιι.
800 104 1085 236 ιιιιιι--ἑιιΙ

301 234 482 305 U.C.581.
619 235 848 309 a.C.N..171

676 316 1080 335 m

64 311 672 337 .-..-.-....-,.-..-.-..--..

66 346 174 431 lippos
196 369 301 433 partus
323 348 414 432 effer,
433 350 578 414 daturum
601 354 704 437 Persea
722 354 903 417 Romanis
882 359 969 463 pufflu
960 372 1091 417 erentes

66 435 212 515 arbitrr,
238 439 342 525 agris,
371 436 519 519 locisque,
547 440 654 520 quibus
677 436 841 522 Pbb'ppus
862 439 998 523 cessffet
1028 441 1083 524 τῷ
1171 509 1174 516 ,

60 520 170 607 suram
188 528 331 607 prinum.
375 523 455 585 haec
477 527 580 608 legati.
626 526 782 589 Submotis
803 527 870 604 his,
911 552 985 588 cum
1007 550 1083 588 con
1131 546 1134 552 ·

48 605 239 693 saltarent,
262 613 414 673 Romana
426 610 645 673 constantia
616 615 691 674 neit
705 614 743 674 in
766 614 907 676 consilio.
953 617 1000 675 Ita
1014 631 1084 677 tum

67 699 141 757 ιιιοι
163 712 246 775 erat,
272 699 311 759 in
326 695 463 761 aduersis
483 682 606 758 vultum
623 698 781 760 secundae
797 700 946 761 fortunae
958 722 1082 784 gerere,

66 782 233 845 moderari
247 784 373 845 animos
394 786 431 847 in
453 783 610 845 secundis.
656 776 861 870 Responderi
876 790 1012 871 placuit:
1034 786 1084 848 Ira

65 889 167 953 paren
196 868 284 947 dari,
315 868 343 947 fi
371 868 407 931 dr
419 870 531 953 sumu
553 890 657 931 rerum
679 871 802 933 liberunt
822 873 848 953 [ι
851 879 934 936 nurui
956 879 1083 957 permir-

66 972 113 1019 ιιι
140 976 200 1017 res·
231 956 267 1017 de
283 956 318 1039 se
344 956 437 1037 deque
467 955 604 1039 uniuersa
634 954 809 1021 Macedonia
836 958 988 1037 statuendi
1017 964 1082 1061 jus

67 1042 156 1105 Haec
176 1062 254 1105 cum
274 1040 511 1105 renuntiassent
531 1045 641 1126 legati,
676 1046 855 1106 miraculo
845 1049 965 1129 ignaris
980 1048 1081 1108 moris

45 1202 48 1207 Ι
63 1128 247 1215 pertinacia
260 1130 483 1191 Romanorum
499 1127 580 1206 esse;
604 1147 635 1190 et
648 1133 793 1215 plerique
808 1149 925 1210 vetare,
943 1136 1081 1217 amplius

47 1216 270 1278 ’mentionem
292 1218 378 1301 pacis
403 1215 519 1277 facere.
562 1178 646 1276 dltre
661 1240 740 1279 mox
761 1216 968 1301 quaesituros,
993 1218 1082 1302 quod

64 1304 211 1365 oblatum
226 1302 398 1365 fastidiant.
426 1301 552 1363 Perseus
566 1302 653 1363 hanc
666 1304 766 1387 ipsam
781 1304 972 1387 superbiam,
990 1309 1080 1390 quip-

63 1404 107 1495 pe
129 1410 173 1452 ex
189 1388 353 1451 fiducia
325 1390 441 1453 varium
463 1388 545 1465 esse,
566 1390 694 1450 timere:
729 1410 774 1467 et,
808 1390 964 1452 summam
985 1414 1079 1476 pecu·

64 1476 141 1541 nia·
158 1496 294 1561 augens,
318 1476 458 1561 sipretio
476 1498 591 1559 pacem
610 1498 717 1537 emere
733 1477 854 1561 posset,
878 1502 949 1541 non
963 1478 1080 1539 destitit

62 1564 214 1627 animum
236 1562 374 1623 consulis
389 1578 524 1624 tentare.
571 1561 736 1643 Postquam
750 1565 836 1625 nihil
851 1587 892 1626 ex
915 1588 1012 1649 e0,q
1015 1563 1081 1625 uod

62 1650 172 1738 primo
187 1646 413 1733 responderat,
435 1652 594 1724 mutabat,
617 1649 781 1732 desperate
801 1671 898 1733 pace,
923 1652 963 1710 ad
985 1653 1080 1731 Sycu-

61 1740 167 1829 tium,
196 1734 287 1797 unde
302 1734 462 1821 profectus
478 1752 561 1813 erat,
583 1734 695 1812 rediit,
717 1737 794 1798 belli
809 1736 916 1797 casum
936 1736 1006 1798 de
997 1738 1079 1803 ante·

65 1822 323 1907 peruenturus.

150 1996 262 2059 tlon.
308 2000 405 2059 Fama
426 1996 576 2081 equestris
590 2015 737 2079 pugnae,
765 1996 888 2079 vulgata
902 2016 961 2097 per
976 1996 1079 2059 Grae·

60 2082 171 2161 ciam,
193 2082 330 2147 nudavit
350 2087 528 2147 voluntates
544 2082 725 2143 hominum.
769 2105 841 2143 non
858 2086 949 2143 enim
963 2081 1076 2159 solum,

20 2207 24 2213 -
44 2170 120 2255 ¹qui
133 2172 235 2256 partis
254 2171 472 2232 Macedonum
492 2186 602 2245 erant,
629 2168 685 2229 sed
708 2170 870 2251 plerique,
892 2169 1078 2253 ingentibus

59 2258 292 2319 Romanorum
309 2259 440 2341 obligati
455 2257 637 2331 beneficiiS,
658 2255 788 2338 quidam
803 2261 870 2317 vim
883 2256 1078 2337 superbiam-

60 2346 126 2428 que
148 2346 292 2429 experti,
313 2347 389 2407 laeti
400 2366 472 2406 eam
487 2343 609 2405 famam
629 2364 798 2443 accepere:
824 2362 896 2402 non
918 2345 959 2402 ob
981 2343 1077 2401 aliam

61 2428 206 2508 musam,
227 2451 324 2515 quam
339 2454 438 2517 pravo
464 2430 583 2507 studio,
605 2450 668 2511 quo
684 2430 780 2489 etiam
793 2430 831 2489 in
847 2428 1078 2489 certaminibus

16 2552 24 2577 t
60 2511 196 2581 ludicris
217 2520 326 2602 vulgus
343 2521 441 2580 utitur
458 2518 611 2579 deteriori
625 2532 719 2597 atque
738 2515 912 2575 infirmiori
925 2513 1075 2576 favendo.

59 2601 189 2671 Eodem
201 2618 347 2689 tempore
361 2608 399 2668 in
413 2606 544 2667 Boeotia
557 2604 679 2663 smnma
691 2624 723 2664 ιι
712 2603 906 2663 Haliartum
915 2602 1089 2663 Lucretius·

10 2686 193 2773 phem
207 2708 422 2777 oppugnaret.
443 2709 484 2769 et,
501 2710 684 2775 quanquam
700 2709 764 2749 nec
771 2689 934 2750 habebant
943 2705 1078 2749 externa

60 2763 181 2841 auxilia
194 2776 314 2854 obseffi,
332 2797 460 2882 praeter
475 2777 738 2839 Coronaeorum
729 2777 883 2858 juniores,
901 2776 957 2857 qui
970 2775 1078 2856 prima

63 2860 230 2948 obsidione
245 2868 376 2927 moenia
389 2867 605 2940 intraverant,
630 2882 736 2945 neque
756 2860 772 2920 s
767 2864 942 3006 parabant,
966 2876 1078 2919 tamen

10 2877 44 3062 ὲ
58 2946 129 3040 ipsi
138 2951 262 3013 animis
284 2952 398 3037 magis,
427 2972 524 3034 quam
545 2952 683 3026 viribus,
707 2884 790 3009 ralis
782 2950 900 3007 rebant.
943 2966 1023 3003 nam
1045 2958 1079 3005 et

116 3037 248 3123 prienes
264 3038 302 3099 in
313 3060 355 3123 op
356 3059 412 3099 era
428 3042 543 3100 crabro
562 2995 742 3097 saciebdnt:
767 3049 800 3092 et
820 3034 952 3093 arietem
969 3030 1076 3090 admo-

10 3048 167 3297 {Q
57 3111 139 3201 tum,
163 3062 360 3187 libramentpo
372 3120 499 3211 plumbi
513 3140 688 3209 gravatum,
711 3118 752 3179 ad
766 3134 887 3178 terram
899 3120 1075 3199 urgebant:

58 3205 106 3289 ὲ,
129 3206 157 3272 si
180 3232 243 3295 qua
264 3210 483 3289 declinarent,
505 3232 561 3295 qm
550 3209 725 3291 agebant,
749 3205 865 3281 ictum,
890 3224 949 3287 pro
968 3200 1076 3263 diruto

11 3299 26 3384 l
58 3314 156 3359 mo
170 3316 294 3360 novum
308 3299 515 3359 tinnultuario
536 3315 651 3379 opere,
672 3291 790 3375 raptim
812 3310 853 3351 ex
875 3288 943 3373 ipsa
961 3290 1077 3379 ruinae
1161 3318 1164 3325 ·

11 3376 163 3510 ξ[Ἧιι
181 3383 338 3470 congestis
357 3381 455 3460 saxia,
487 3380 699 3445 exstruebant.
745 3378 826 3437 Cum
841 3378 998 3458 operibus
1015 3398 1075 3459 op·

21 3461 215 3562 puflpptio
229 3471 350 3534 lentior
365 3468 457 3547 esset,
480 3468 577 3531 scalas
590 3487 651 3551 per
671 3462 853 3546 manipulos
868 3460 972 3524 dividi
985 3482 1075 3545 pree·

36 3570 115 3620 Ιτοι·
122 3555 219 3643 juffit,
232 3574 269 3619 ut
282 3574 404 3617 corona
417 3555 560 3639 undique
576 3551 707 3614 moenia
721 3546 934 3632 aggressurus,
954 3569 993 3611 eo
1008 3566 1075 3631 ma-

24 3644 106 3727 'giu
127 3632 338 3712 suffecturam
358 3640 400 3703 ad
420 3641 457 3703 id
473 3580 716 3703 multitudinem
737 3652 842 3713 ratus,
870 3634 982 3718 qued,
1017 3626 1086 3711 qua

28 3744 167 3875 pam·-
223 3750 259 3793 us
271 3720 384 3797 urbem
398 3729 565 3821 cingitflt
535 3749 603 3805 nec
621 3724 785 3794 emetat
799 3740 1017 3809 oppugnans
1034 3730 1110 3769 Μ’

185 3818 235 3879 'it
231 3814 334 3887 ‚Tm
350 3812 415 3887 HL
660 3816 741 3887 Nn
909 3876 912 3880 a
976 3808 1131 3884 potem
