2354 4140
337 114 510 215 'tinen
533 124 620 199 nt·
658 138 746 199 ct».
767 140 809 200 n.
825 142 884 203 111.
1051 144 1119 226 483

271 240 312 301 U·
335 242 369 300 C·
393 242 469 319 574
505 218 1118 325 *ΜΓ

95 322 1116 349 *nm*

93 358 286 423 audiebatur
299 357 340 419 ad
362 372 452 420 lnare
466 362 657 423 vocantium.
706 361 744 421 ld
759 362 842 425 forte
858 382 981 429 temere
995 374 1034 431 ab
1049 394 1116 435 une

93 448 308 509 exclamatum
330 447 402 507 totis
419 444 531 531 paffim
553 445 745 529 personabat
758 450 875 512 cultris·
919 456 1029 538 ltaque
1052 461 1114 541 pri·

91 556 165 611 nto,
196 534 283 597 velut
296 530 368 616 juffi
389 530 425 593 id
446 532 571 609 facere,
600 535 692 615 pauci
706 538 835 613 armati,
864 540 966 623 major
977 564 1051 625 pars
1066 547 1114 606 ln-

93 640 220 698 ermes,
237 618 279 681 ad
293 640 383 681 mare
400 618 591 685 decurrunt:
608 618 687 680 dein
704 622 828 704 plures,
842 625 1002 707 postremo
1013 652 1114 715 prope

92 728 226 786 omnes,
248 722 282 769 et
295 706 361 791 iple
376 705 505 783 conlul;
534 728 624 784 cum,
649 706 765 769 frustra
786 730 937 773 revocare
955 713 1113 799 fugientes

91 811 246 872 conatus,
279 812 345 855 nec
364 794 521 876 imperio,
558 814 621 855 nec
643 797 843 872 auctoritate,
880 818 944 859 nee
965 805 1113 883 precibus

89 880 137 943 'ad
159 898 360 961 extremum,
405 878 557 943 valuillet.
605 882 698 941 Unus
724 881 876 944 remanlit
902 886 947 951 Μ.
970 888 1113 951 Licinius

62 1027 66 1038 ,
93 968 226 1045 Strabo,
258 968 407 1029 tribunus
429 968 568 1027 militum
588 969 700 1029 tertiae
720 968 873 1051 legionis,
916 994 990 1033 oum
1011 977 1112 1037 tribus

90 1053 190 1141 lignis
209 1055 249 1113 ab
267 1054 394 1139 legione
416 1052 471 1113 lua
491 1054 628 1115 relictus.
694 1054 808 1133 Hunc,
835 1058 873 1117 in
894 1080 992 1120 vacua
1012 1061 1112 1123 castra

88 1144 215 1229 impetu
238 1138 338 1217 laeto,
367 1140 453 1216 ll'tri,
474 1160 555 1201 eum
569 1140 650 1201 alius
668 1156 805 1201 armatus
820 1144 858 1205 iit
873 1150 1111 1221 nemoobviam

77 1226 180 1305 ilict,
217 1228 256 1287 in
279 1228 438 1311 praetorio
458 1224 672 1303 instruentem
694 1243 788 1310 atque
802 1228 1026 1295 adhortantem
1041 1234 1111 1298 [uos

89 1320 132 1401 'op
156 1312 327 1375 rellerunt.
382 1312 540 1375 Proelium
564 1315 716 1391 atrocius,
746 1336 842 1399 quam
870 1338 930 1399 pro
953 1322 1110 1403 paucitate

89 1338 321 1477 reiiltentiu‘m,
340 1396 418 1461 fuit:
448 1420 511 1461 nec
526 1418 602 1461 ante
621 1400 750 1461 linitum
762 1400 824 1479 elt,
847 1410 944 1485 quam
959 1407 1109 1471 tribunut

86 1488 247 1564 militum,
295 1486 394 1571 uique
407 1486 492 1547 eirca
506 1508 579 1549 eum
596 1484 822 1565 constiterant,
846 1490 1010 1555 interfecti
1024 1494 1107 1556 lunt.

87 1573 252 1639 Praetorio
269 1504 403 1658 dejecto,
422 1572 570 1659 direptis,
588 1595 668 1656 quae
681 1574 726 1635 ibi
744 1573 893 1653 luerunt,
915 1578 957 1639 ad
970 1580 1108 1663 quaesto·

87 1662 175 1725 rium
186 1658 293 1723 lorum
310 1660 564 1745 quintanamque
582 1659 685 1721 hostes
698 1680 929 1743 pervenerunt.
951 1667 1016 1743 lbi,
1033 1690 1108 1729 oum

89 1749 238 1811 omnium
250 1768 360 1809 rerum
379 1764 523 1831 paratam
538 1747 771 1829 expositamque
790 1750 931 1831 copiam,
954 1769 985 1814 et
996 1752 1107 1817 stratos

88 1836 190 1913 lectus
203 1832 242 1898 in
262 1833 438 1917 quaelton'o
452 1832 660 1910 invenillent,
677 1832 803 1916 regulus
813 1838 970 1899 accubans
985 1843 1108 1922 epulari

86 1920 206 2005 eoepit.
235 1940 325 1982 ¹mox
345 1920 434 1983 idem
451 1923 549 1983 ceteri
564 1941 695 1998 omnes,
725 1941 888 1981 armorum
908 1922 1107 2009 hostiumque

82 2008 196 2085 obliti,
229 2004 368 2069 faciunt:
399 2025 448 2084 et,
470 2022 506 2068 ut
527 2008 641 2099 quibus
661 2004 803 2069 insuetus
826 2008 990 2071 liberalior
1006 2014 1106 2079 victus

82 2091 184 2173 ellat,
207 2092 332 2159 avidius
347 2094 425 2157 vino
445 2096 728 2179 ciboquecorpora
742 2112 891 2158 onerant.

174 2266 235 2330 nt
253 2242 467 2348 Nequaquam
487 2263 600 2325 eadem
614 2262 659 2324 elt
679 2280 748 2325 tum
759 2268 808 2327 rel
824 2265 930 2327 forma
942 2268 1028 2353 apud
1044 2270 1106 2333 Re-

82 2374 219 2419 mmet:
248 2368 352 2428 terra,
373 2352 457 2413 meri
471 2350 664 2436 trepidatur:
694 2354 818 2415 nautici
833 2356 1038 2417 tabernacula
1054 2357 1108 2420 de·

82 2440 247 2519 tendunt,
277 2455 553 2521 commeatumque
575 2439 614 2500 in
633 2438 727 2499 litore
748 2439 924 2523 expolitum
946 2443 984 2504 in
1005 2465 1106 2508 naves

77 2528 235 2615 rapiunt:
251 2526 371 2591 milites
384 2526 422 2589 in
431 2524 561 2610 scaphas
576 2540 609 2585 et
620 2544 710 2585 mare
725 2528 829 2588 territi
840 2546 957 2589 ruunt:
974 2548 1104 2609 nautae,

79 2629 174 2677 metu
194 2634 241 2675 ne
254 2615 478 2697 compleantur
490 2613 633 2695 navigia,
664 2612 719 2675 alii
732 2616 844 2676 turbae
857 2614 1028 2694 obsistunt,
1051 2620 1104 2680 alii

82 2686 125 2766 'eb
138 2700 235 2763 litore
248 2718 349 2763 naves
362 2700 401 2760 in
416 2700 515 2759 altum
528 2698 703 2781 expellunt.
734 2698 814 2761 inde
829 2718 1014 2780 certamen,
1031 2727 1112 2777 mox,

79 2780 184 2852 'eum
203 2806 314 2871 pugna
333 2808 407 2847 cum
420 2787 607 2849 vulneribus
629 2800 659 2844 et
678 2784 776 2847 caede
804 2788 946 2849 invicem
958 2792 1107 2852 'militum

43 2894 55 2909 ·
81 2882 322 2957 'ntatanunque
335 2874 453 2950 oritur,
482 2871 586 2935 donee
605 2870 687 2955 julla
707 2871 845 2933 consulis
857 2877 969 2957 procul
983 2896 1002 2935 a
1017 2892 1106 2939 terra

43 2969 48 3022 ¹.
84 2956 190 3023 elaffit
206 2958 351 3023 submota
372 2958 424 3022 est.
470 2960 645 3023 Secernere
665 2956 745 3021 inde
767 2960 910 3021 inermes
924 2964 964 3022 ab
976 2964 1105 3027 antiatis

75 3045 198 3143 eoepit.
220 3048 276 3110 vix
287 3048 376 3109 mille
390 3044 523 3109 ducenti
538 3065 580 3108 ex
595 3061 685 3105 tanta
701 3041 925 3124 multitudine,
946 3050 1003 3130 qui
1015 3062 1105 3111 anna

74 3131 260 3211 baberent,
287 3134 440 3219 perpauci
454 3134 592 3217 equites,
608 3132 663 3213 qui
677 3150 774 3214 equos
787 3130 894 3195 lecum
909 3132 1101 3216 eduxissent,
1146 3162 1149 3167 ·

77 3220 214 3295 intenti
233 3220 318 3283 lunt.
362 3236 468 3283 cetera
490 3218 642 3282 deformis
665 3220 776 3299 turbt,
798 3222 884 3283 velut
898 3220 1038 3283 lixarum
1053 3244 1103 3287 ca.

219 3293 275 3385 ite,
304 3306 426 3395 praeda
447 3304 517 3370 lere
537 3305 661 3390 futura,
690 3302 804 3367 libelli
818 3306 923 3369 hostes
939 3310 1103 3374 meminil·

190 3396 303 3455 ‘Tunc
324 3392 457 3456 demum
478 3394 615 3455 nuntius
636 3387 678 3450 ad
694 3392 820 3453 tertiam
835 3395 999 3477 legionem
1011 3402 1102 3461 rovd-

79 3470 241 3559 ἥψω,
269 3498 303 3543 et
316 3482 485 3543 Gallorum
497 3476 708 3565 praefidium':
737 3494 770 3539 et
787 3476 879 3539 limu'l
895 3500 938 3545 ex
951 3483 1101 3546 omnibus
1136 3554 1141 3559 ,

63 3530 166 3633 ‘bnt‘
185 3566 349 3629 att-calm
376 3566 566 3650 recipienda
600 3560 858 3649 demendamque
884 3567 1107 3651 ignominiam

76 3652 184 3719 rediri
198 3671 347 3737 coeptum
364 3652 419 3717 est.
461 3652 603 3715 Tribuni
615 3651 754 3713 militum
767 3654 881 3715 tertiae
895 3654 1033 3737 leq'um'ts
1046 3672 1103 3737 qn,

49 3742 191 3811 ..belam
209 3740 361 3823 lignaque
375 3738 539 3825 projicere
557 3736 691 3831 jubente
735 3740 995 3805 centurionibus
1010 3742 1124 3819 'tmpe-
1163 3736 1166 3742 ’

594 3830 663 3899 Hh
685 3850 718 3895 Ω·
1043 3837 1149 3895 ”ma
