2354 4140
112 148 155 216 36
307 136 596 201 LtnEn-xxxt.
625 101 918 239 &affl

112 258 115 263 '
230 248 233 253 '
325 245 368 303 U.
393 245 427 303 C.
453 250 527 314 552.
655 265 684 303 a.
709 245 743 302 C.
761 244 804 303 N.
822 260 902 302 Ι200.

113 318 1131 349 *ww

112 360 227 431 manos
248 363 361 429 tenuit
406 362 558 439 Deinde,
579 362 619 449 iie
631 364 756 446 'quoque
771 363 900 445 spretis,
922 350 1059 444 partim,
1082 377 1142 424 te·

112 454 242 516 s'tudine
254 452 348 527 sacta,
367 474 427 535 pet·
442 446 589 511 adversos
605 448 728 510 radunt
742 449 864 510 hostes:
885 450 1015 531 partim',
1033 452 1145 530 brevi,

113 540 249 604 circuitu
262 562 334 600 cum
347 540 385 599 in
400 541 510 623 jugum
524 537 614 597 collis
628 536 805 613 evastssent,
825 532 967 618 trepidos
980 550 1023 597 ex
1033 558 1129 619 prae.

116 622 200 691 lidiis
228 625 475 707 stationibusque
503 620 695 684 Macedonas
720 623 910 685 deturbant:
947 638 996 699 et,
1030 626 1130 687 utin

115 716 193 777 loeis
207 711 368 799 impeditis
384 708 507 774 difficili
521 708 605 795 suga,
626 710 797 794 plerosque
811 711 907 771 etiam
919 710 1126 805 obmutuerint..-

919 214 1128 237 m

217 885 281 950 XL.
324 886 375 947 Ita
395 882 554 968 angustiae
574 886 703 946 minore
717 878 917 963 certamine,
931 904 1028 969 quam
1041 876 1128 971 quod¹
1158 934 1161 939 .

115 971 232 1043 animis
242 972 485 1059 proposuerant,
507 972 680 1056 superatae,
698 990 730 1033 et
743 975 782 1034 in
795 972 974 1033 Eordaeam
987 990 1127 1057 pervent

115 1081 202 1141 tutn3
224 1064 280 1123 ubi
301 1056 484 1145 pervastatis
505 1059 618 1143 passim
641 1061 740 1143 agriS,
761 1061 800 1119 in
820 1059 979 1121 Elimeam
993 1057 1026 1120 se
1039 1052 1127 1143 rede·

115 1151 171 1235 pit.
217 1148 297 1210 inde
317 1150 472 1230 impetum
491 1148 529 1207 in
546 1146 726 1208 Orestidem
740 1145 835 1223 secit·,
855 1162 886 1207 et
899 1140 1053 1233 oppiduui
1068 1140 1127 1206 Ce-¹

114 1237 235 1298 letrum
251 1234 297 1295 est
312 1224 477 1317 aggressus,
500 1235 537 1296 in
550 1230 723 1318 peninsula
736 1232 837 1293 situm.
866 1228 983 1295 lacus
991 1232 1126 1318 moeni&

116 1318 233 1404 cingit:
268 1320 404 1403 angustis
436 1317 578 1382 faucibus
598 1316 700 1381 unum
720 1342 762 1381 ex
780 1318 966 1383 continenti
985 1322 1048 1381 iter·
1070 1308 1124 1379 e'sti

117 1411 222 1470 Primo
244 1404 303 1468 situ
318 1406 386 1489 ipso
402 1402 491 1483 freti,
511 1408 624 1468 clausis
638 1409 753 1490 portis,
778 1409 954 1490 imperium
965 1400 1126 1471 abnuere<

117 1493 256 1570 deinde,
280 1492 446 1579 postquam
463 1494 550 1577 signa
570 1493 668 1571 serti,
699 1516 735 1553 ac
750 1492 919 1559 ,testudine
937 1492 1063 1555 su'ccedi
1085 1490 1129 1555 ad

117 1598 242 1673 portam
251 1616 268 1657 ‚.
297 1579 492 1665 obsessasque
517 1580 624 1645 lauces
654 1583 782 1663 agmine
805 1580 943 1645 hostium
961 1579 1125 1657 viderunt,

116 1667 304 1753 priusquam
327 1670 554 1750 experirentur
568 1674 749 1743 certamen,
772 1685 860 1728 metu
873 1670 911 1731 in
927 1663 1139 1749 deditionem·

116 1764 290 1818 'venerunt
318 1751 370 1814 Ab
378 1750 504 1815 Celetro
519 1757 556 1815 in
565 1752 760 1815 Dassaretios
774 1748 930 1839 processu,
948 1746 1139 1835 urb'einq'ut‘e'·

118 1840 239 1902 Pelium
262 1843 295 1904 vi
317 1840 410 1923 cepit.
454 1841 581 1903 servitia
601 1839 680 1902 inde
695 1836 1014 1925 curneeterapraede
1028 1838 1127 1899 abdn-
1167 1842 1171 1852 “

118 1930 181 2003 xit,
204 1945 236 1989 et
256 1924 358 1989 libera
378 1929 481 2010 capita
501 1929 568 1988 sine
582 1923 692 2013 pretio
701 1928 832 1990 dimitit:
856 1924 1129 2013 oppidumque'iie
1161 1952 1166 1967 ¹

116 2010 276 2092 reddidit,
295 2015 454 2098 praesidio
469 2008 574 2077 valido
594 2015 747 2099 imposito.
778 2014 871 2076 'nam
892 2032 925 2075 et
943 2015 999 2077 stta
1014 2035 1127 2097 oppor-

117 2119 196 2164 tune
224 2104 301 2163 urbs
324 2119 392 2162 erat
420 2098 461 2162 atl
488 2104 626 2186 impetus
645 2105 683 2165 in
706 2100 932 2167 utacedoniam
950 2098 1128 2163 saeiendon

117 2181 168 2250 stu
186 2192 359 2274 peragratis
382 2182 518 2249 hostium
541 2192 646 2271 agris,
668 2190 777 2250 oensul
802 2191 840 2251 in
854 2192 924 2257 loca
938 2192 1003 2274 jam
1016 2182 1129 2272 paeatga'

118 2270 161 2337 ad
179 2275 402 2358 Apolloniam,
425 2276 514 2335 unde
528 2274 613 2335 orsus
630 2274 750 2336 bellurn
763 2294 846 2353 erat,
867 2278 973 2359 copias
987 2270 1128 2345 reduxit-

119 2358 302 2443 Philippum
318 2359 623 2436 averterantAetoli,
646 2379 677 2422 et
691 2361 899 2439 Athamanes,
923 2354 1133 2439 etDardani,

120 2463 153 2506 et
174 2461 220 2505 tot
240 2448 324 2506 bella
336 2448 473 2528 repente
488 2449 551 2507 alia
566 2469 607 2509 er
623 2449 693 2510 aliis
712 2451 788 2511 locis
804 2468 922 2519 exorta.
947 2447 1129 2525 ,Adversus
1151 2505 1155 2512 .

118 2528 310 2608 Dardan03,
344 2532 409 2615 jam
431 2534 623 2616 recipientes
647 2558 688 2596 ex
707 2536 898 2597 Macedonia
917 2528 999 2612 sese,
1028 2532 1136 2596 Athe}

119 2637 272 2701 negaram
294 2640 368 2679 cum
391 2620 546 2702 expeditis
564 2620 725 2704 peditibus
744 2644 781 2684 ac
800 2625 921 2707 majore
933 2640 1024 2707 parte
1041 2620 1151 2703 etsttii„

118 2723 199 2766 tatus
219 2704 319 2781 misit,
339 2705 453 2788 jussum
468 2707 585 2777 instare
601 2712 641 2769 ab
656 2727 742 2792 tergo
756 2713 964 2790 abeuntibus,
987 2726 1038 2785 et,
1051 2726 1127 2769 ear·

119 2788 229 2878 pendo
251 2791 447 2875 postremum
468 2816 601 2877 agmen,
631 2794 791 2880 segniores
814 2816 868 2857 eos
891 2796 932 2873 ad
948 2793 1127 2859 movendot

120 2880 215 2940 domo
235 2881 390 2941 exercitus
413 2881 549 2964 el'licore.
605 2880 743 2944 ¹Aetolos
762 2878 965 2945 Damocritus
986 2884 1126 2965 praetor,

120 2968 175 3048 qui
188 2987 294 3029 morae
311 2965 352 3027 ad
367 2967 611 3028 decernendum
623 2971 742 3030 bellum
751 2964 1001 3053 adNaupactum
1017 2974 1133 3029 auctor'

120 3052 239 3129 suerat,
260 3053 349 3114 idem
362 3057 509 3136 proximo
523 3053 660 3117 coneilio
678 3056 823 3119 ad-arnta
836 3058 1036 3119 conciverat:
1056 3050 1127 3138 post

120 3134 239 3200 samam
261 3138 412 3221 equestris
434 3139 475 3201 ad
491 3142 702 3225 Octolophum
716 3136 859 3226 pugnae,
880 3140 1151 3207 Dardanorum,

119 3246 181 3307 que
204 3242 237 3285 et
255 3225 390 3287 Pleurati
416 3249 490 3287 eunt
511 3226 631 3309 Illyriis
654 3222 824 3291 transitum
836 3232 874 3292 in
889 3228 1126 3304 Macedoniam,

119 3312 162 3371 ad
175 3306 255 3373 haec
268 3310 368 3373 classis
381 3316 548 3375 Romanae
564 3314 739 3377 adventum
752 3321 790 3379 in
803 3315 942 3392 Oreum,
962 3334 1010 3394 et,
1030 3310 1139 3405 supet'r'¹

120 3396 323 3459 circumfusas
344 3416 390 3458 tot
409 3399 619 3463 Macedoniae
638 3418 768 3485 gentes,
794 3406 988 3467 maritimam
1001 3396 1129 3488 quoqu'e

117 3485 292 3548 instantem
304 3482 510 3571 obsidionem.
546 3502 550 3507 ’
669 3509 671 3513 ·
814 3508 817 3517 ·
959 3508 973 3528 ·-
1042 3508 1047 3517 ·
1072 3500 1079 3521 ²
1134 3496 1163 3521 ‘'

129 3730 134 3739 ,
218 3658 297 3721 XLI.
333 3656 401 3720 Hae
422 3658 531 3723 causae
546 3659 973 3755 Damocritum-Aetolosque
985 3618 1165 3749 resitutg'

118 3765 191 3823 rant
212 3745 386 3813 Romanis}
416 3764 471 3853 ¹et,
499 3748 819 3841 ‘Amynangxo-regg
836 3746 1136 3855 Awpmgdq'
1164 3816 1168 3827 Ι

999 3854 1123 3923 teneto,
