<?xml version="1.0" encoding="UTF-8"?>
<!DOCTYPE html PUBLIC "-//W3C//DTD XHTML 1.0 Transitional//EN"
    "http://www.w3.org/TR/xhtml1/DTD/xhtml1-transitional.dtd">
<html xmlns="http://www.w3.org/1999/xhtml" xml:lang="en" lang="en">
 <head>
  <title>
</title>
<meta http-equiv="Content-Type" content="text/html;charset=utf-8" />
  <meta name='ocr-system' content='tesseract 3.04.00' />
  <meta name='ocr-capabilities' content='ocr_page ocr_carea ocr_par ocr_line ocrx_word'/>
</head>
<body>
  <div class='ocr_page' id='page_1' title='image "./historiarumlibr01livygoog_0274.png"; bbox 0 0 2354 4140; ppageno 0'>
   <div class='ocr_carea' id='block_1_1' title="bbox 34 54 1167 294">
    <p class='ocr_par' dir='ltr' id='par_1_1' title="bbox 34 54 1167 294">
     <span class='ocr_line' id='line_1_1' title="bbox 56 54 1167 211; baseline -0.001 -43"><span class='ocrx_word' id='word_1_1' title='bbox 56 101 378 211; x_wconf 46' lang='lat' dir='ltr'><strong>*yona</strong></span> <span class='ocrx_word' id='word_1_2' title='bbox 400 104 556 167; x_wconf 86' lang='lat' dir='ltr'><strong>xxxvu.</strong></span> <span class='ocrx_word' id='word_1_3' title='bbox 602 54 690 166; x_wconf 62' lang='lat' dir='ltr'><strong>cn.</strong></span> <span class='ocrx_word' id='word_1_4' title='bbox 710 72 909 168; x_wconf 60' lang='lat' dir='ltr'><strong>xmjxvu</strong></span> <span class='ocrx_word' id='word_1_5' title='bbox 1016 123 1081 185; x_wconf 79' lang='lat'><strong>277</strong></span> <span class='ocrx_word' id='word_1_6' title='bbox 1159 128 1167 145; x_wconf 83' lang='lat'><strong>·</strong></span> 
     </span>
     <span class='ocr_line' id='line_1_2' title="bbox 34 211 859 294; baseline -0.005 -19"><span class='ocrx_word' id='word_1_7' title='bbox 34 212 40 225; x_wconf 78' lang='grc'><strong>“</strong></span> <span class='ocrx_word' id='word_1_8' title='bbox 254 216 295 274; x_wconf 92' lang='lat' dir='ltr'><strong>U.</strong></span> <span class='ocrx_word' id='word_1_9' title='bbox 327 214 361 272; x_wconf 90' lang='lat' dir='ltr'><strong>C.</strong></span> <span class='ocrx_word' id='word_1_10' title='bbox 390 214 497 284; x_wconf 81' lang='lat'><strong>562..</strong></span> <span class='ocrx_word' id='word_1_11' title='bbox 616 232 643 270; x_wconf 90' lang='lat' dir='ltr'><strong>a.</strong></span> <span class='ocrx_word' id='word_1_12' title='bbox 667 211 701 271; x_wconf 89' lang='lat' dir='ltr'><strong>C.</strong></span> <span class='ocrx_word' id='word_1_13' title='bbox 727 211 769 270; x_wconf 91' lang='lat' dir='ltr'><strong>N.</strong></span> <span class='ocrx_word' id='word_1_14' title='bbox 790 231 859 294; x_wconf 82' lang='lat'>¹9⁰·</span> 
     </span>
    </p>
   </div>
   <div class='ocr_carea' id='block_1_2' title="bbox 471 294 1080 313">
    <p class='ocr_par' dir='ltr' id='par_1_2' title="bbox 471 294 1080 313">
     <span class='ocr_line' id='line_1_3' title="bbox 471 294 1080 313; baseline 0.005 -7"><span class='ocrx_word' id='word_1_15' title='bbox 471 294 1080 313; x_wconf 46' lang='lat' dir='ltr'><strong>w*</strong></span> 
     </span>
    </p>
   </div>
   <div class='ocr_carea' id='block_1_3' title="bbox 11 332 1162 2328">
    <p class='ocr_par' dir='ltr' id='par_1_3' title="bbox 53 332 1162 1286">
     <span class='ocr_line' id='line_1_4' title="bbox 54 332 1134 425; baseline 0 -26"><span class='ocrx_word' id='word_1_16' title='bbox 54 355 141 399; x_wconf 51' lang='lat' dir='ltr'><strong>tumr:</strong></span> <span class='ocrx_word' id='word_1_17' title='bbox 163 334 220 397; x_wconf 86' lang='lat' dir='ltr'><strong>sed</strong></span> <span class='ocrx_word' id='word_1_18' title='bbox 234 339 315 396; x_wconf 86' lang='lat' dir='ltr'><strong>altae</strong></span> <span class='ocrx_word' id='word_1_19' title='bbox 328 353 424 413; x_wconf 78' lang='lat' dir='ltr'><strong>rupes</strong></span> <span class='ocrx_word' id='word_1_20' title='bbox 437 333 570 416; x_wconf 89' lang='lat' dir='ltr'><strong>insuper</strong></span> <span class='ocrx_word' id='word_1_21' title='bbox 585 332 820 425; x_wconf 83' lang='lat' dir='ltr'><strong>imminebant,</strong></span> <span class='ocrx_word' id='word_1_22' title='bbox 840 355 916 415; x_wconf 90' lang='lat' dir='ltr'><strong>quas</strong></span> <span class='ocrx_word' id='word_1_23' title='bbox 931 336 1080 397; x_wconf 78' lang='lat' dir='ltr'><strong>celeriter</strong></span> <span class='ocrx_word' id='word_1_24' title='bbox 1131 388 1134 399; x_wconf 93' lang='lat'><strong>.</strong></span> 
     </span>
     <span class='ocr_line' id='line_1_5' title="bbox 54 419 1080 507; baseline -0.003 -22"><span class='ocrx_word' id='word_1_25' title='bbox 54 420 231 507; x_wconf 81' lang='lat' dir='ltr'><strong>oppidani,</strong></span> <span class='ocrx_word' id='word_1_26' title='bbox 267 419 410 481; x_wconf 82' lang='lat' dir='ltr'><strong>assumtis</strong></span> <span class='ocrx_word' id='word_1_27' title='bbox 437 420 535 503; x_wconf 84' lang='lat' dir='ltr'><strong>regiis</strong></span> <span class='ocrx_word' id='word_1_28' title='bbox 554 419 727 494; x_wconf 83' lang='lat' dir='ltr'><strong>militibus,</strong></span> <span class='ocrx_word' id='word_1_29' title='bbox 759 439 837 500; x_wconf 90' lang='lat' dir='ltr'><strong>quos</strong></span> <span class='ocrx_word' id='word_1_30' title='bbox 861 422 898 483; x_wconf 90' lang='lat' dir='ltr'><strong>in</strong></span> <span class='ocrx_word' id='word_1_31' title='bbox 920 420 1080 506; x_wconf 82' lang='lat' dir='ltr'><strong>praesidio</strong></span> 
     </span>
     <span class='ocr_line' id='line_1_6' title="bbox 53 504 1079 592; baseline 0 -20"><span class='ocrx_word' id='word_1_32' title='bbox 53 509 238 584; x_wconf 86' lang='lat' dir='ltr'><strong>habebant,</strong></span> <span class='ocrx_word' id='word_1_33' title='bbox 261 522 428 592; x_wconf 90' lang='lat' dir='ltr'><strong>ceperunt.</strong></span> <span class='ocrx_word' id='word_1_34' title='bbox 474 504 625 568; x_wconf 83' lang='lat' dir='ltr'><strong>adversus</strong></span> <span class='ocrx_word' id='word_1_35' title='bbox 643 525 720 587; x_wconf 90' lang='lat' dir='ltr'><strong>quos</strong></span> <span class='ocrx_word' id='word_1_36' title='bbox 739 505 862 582; x_wconf 87' lang='lat' dir='ltr'><strong>Livius,</strong></span> <span class='ocrx_word' id='word_1_37' title='bbox 892 530 1079 591; x_wconf 84' lang='lat' dir='ltr'><strong>quanquam</strong></span> 
     </span>
     <span class='ocr_line' id='line_1_7' title="bbox 55 590 1111 676; baseline -0.01 -18"><span class='ocrx_word' id='word_1_38' title='bbox 55 613 151 661; x_wconf 85' lang='lat' dir='ltr'><strong>erant</strong></span> <span class='ocrx_word' id='word_1_39' title='bbox 166 597 279 676; x_wconf 89' lang='lat' dir='ltr'><strong>iniqua</strong></span> <span class='ocrx_word' id='word_1_40' title='bbox 296 616 332 655; x_wconf 87' lang='lat' dir='ltr'><strong>ac</strong></span> <span class='ocrx_word' id='word_1_41' title='bbox 353 591 498 655; x_wconf 86' lang='lat' dir='ltr'><strong>difficilia</strong></span> <span class='ocrx_word' id='word_1_42' title='bbox 520 592 562 652; x_wconf 90' lang='lat' dir='ltr'><strong>ad</strong></span> <span class='ocrx_word' id='word_1_43' title='bbox 578 592 679 653; x_wconf 83' lang='lat' dir='ltr'><strong>exitus</strong></span> <span class='ocrx_word' id='word_1_44' title='bbox 697 593 784 669; x_wconf 87' lang='lat' dir='ltr'><strong>loca,</strong></span> <span class='ocrx_word' id='word_1_45' title='bbox 814 590 928 658; x_wconf 80' lang='lat' dir='ltr'><strong>Issaeos</strong></span> <span class='ocrx_word' id='word_1_46' title='bbox 949 596 1078 659; x_wconf 70' lang='lat' dir='ltr'><strong>auxilia.</strong></span> <span class='ocrx_word' id='word_1_47' title='bbox 1109 654 1111 661; x_wconf 32' lang='lat'><strong>¹</strong></span> 
     </span>
     <span class='ocr_line' id='line_1_8' title="bbox 54 679 1162 763; baseline -0.004 -17"><span class='ocrx_word' id='word_1_48' title='bbox 54 706 108 746; x_wconf 90' lang='lat' dir='ltr'><strong>res</strong></span> <span class='ocrx_word' id='word_1_49' title='bbox 122 700 155 744; x_wconf 87' lang='lat' dir='ltr'><strong>et</strong></span> <span class='ocrx_word' id='word_1_50' title='bbox 170 685 422 763; x_wconf 82' lang='lat' dir='ltr'><strong>Smyrnaeorum</strong></span> <span class='ocrx_word' id='word_1_51' title='bbox 445 679 611 763; x_wconf 82' lang='lat' dir='ltr'><strong>expeditos</strong></span> <span class='ocrx_word' id='word_1_52' title='bbox 635 679 769 763; x_wconf 82' lang='lat' dir='ltr'><strong>juvenes</strong></span> <span class='ocrx_word' id='word_1_53' title='bbox 784 680 876 743; x_wconf 82' lang='lat' dir='ltr'><strong>misrt.</strong></span> <span class='ocrx_word' id='word_1_54' title='bbox 921 684 968 755; x_wconf 80' lang='lat' dir='ltr'><strong>Ii,</strong></span> <span class='ocrx_word' id='word_1_55' title='bbox 1000 681 1080 745; x_wconf 86' lang='lat' dir='ltr'><strong>dum</strong></span> <span class='ocrx_word' id='word_1_56' title='bbox 1157 698 1162 709; x_wconf 77' lang='grc'><em>“</em></span> 
     </span>
     <span class='ocr_line' id='line_1_9' title="bbox 55 765 1079 853; baseline -0.001 -19"><span class='ocrx_word' id='word_1_57' title='bbox 55 771 222 834; x_wconf 82' lang='lat' dir='ltr'><strong>missilibus</strong></span> <span class='ocrx_word' id='word_1_58' title='bbox 242 770 348 853; x_wconf 89' lang='lat' dir='ltr'><strong>primo</strong></span> <span class='ocrx_word' id='word_1_59' title='bbox 365 770 408 828; x_wconf 82' lang='lat' dir='ltr'><strong>&#39;et</strong></span> <span class='ocrx_word' id='word_1_60' title='bbox 437 765 585 830; x_wconf 81' lang='lat' dir='ltr'><strong>adversus</strong></span> <span class='ocrx_word' id='word_1_61' title='bbox 608 786 724 849; x_wconf 88' lang='lat' dir='ltr'><strong>paucos</strong></span> <span class='ocrx_word' id='word_1_62' title='bbox 745 768 867 830; x_wconf 84' lang='lat' dir='ltr'><strong>levibus</strong></span> <span class='ocrx_word' id='word_1_63' title='bbox 888 768 1079 833; x_wconf 85' lang='lat' dir='ltr'><strong>excursioni-</strong></span> 
     </span>
     <span class='ocr_line' id='line_1_10' title="bbox 55 850 1156 939; baseline -0.002 -20"><span class='ocrx_word' id='word_1_64' title='bbox 55 862 115 920; x_wconf 90' lang='lat' dir='ltr'><strong>bus</strong></span> <span class='ocrx_word' id='word_1_65' title='bbox 130 855 341 917; x_wconf 81' lang='lat' dir='ltr'><strong>lacessebatur.</strong></span> <span class='ocrx_word' id='word_1_66' title='bbox 355 855 477 938; x_wconf 77' lang='lat' dir='ltr'><strong>magis,</strong></span> <span class='ocrx_word' id='word_1_67' title='bbox 494 874 589 936; x_wconf 89' lang='lat' dir='ltr'><strong>quam</strong></span> <span class='ocrx_word' id='word_1_68' title='bbox 605 850 847 930; x_wconf 79' lang='lat' dir='ltr'><strong>conserebatur,</strong></span> <span class='ocrx_word' id='word_1_69' title='bbox 870 878 997 939; x_wconf 85' lang='lat' dir='ltr'><strong>pugna,</strong></span> <span class='ocrx_word' id='word_1_70' title='bbox 1014 854 1078 917; x_wconf 90' lang='lat' dir='ltr'><strong>sus·</strong></span> <span class='ocrx_word' id='word_1_71' title='bbox 1152 918 1156 925; x_wconf 80' lang='grc'>,</span> 
     </span>
     <span class='ocr_line' id='line_1_11' title="bbox 55 939 1077 1024; baseline -0.007 -16"><span class='ocrx_word' id='word_1_72' title='bbox 55 947 227 1008; x_wconf 88' lang='lat' dir='ltr'><strong>tinuerunt</strong></span> <span class='ocrx_word' id='word_1_73' title='bbox 235 959 418 1013; x_wconf 83' lang='lat' dir='ltr'><strong>certamen:</strong></span> <span class='ocrx_word' id='word_1_74' title='bbox 440 939 605 1024; x_wconf 81' lang='lat' dir='ltr'><strong>postquam</strong></span> <span class='ocrx_word' id='word_1_75' title='bbox 621 941 728 1022; x_wconf 89' lang='lat' dir='ltr'><strong>plures</strong></span> <span class='ocrx_word' id='word_1_76' title='bbox 743 943 783 1003; x_wconf 87' lang='lat' dir='ltr'><strong>ab</strong></span> <span class='ocrx_word' id='word_1_77' title='bbox 797 946 878 1004; x_wconf 88' lang='lat' dir='ltr'><strong>urbe</strong></span> <span class='ocrx_word' id='word_1_78' title='bbox 893 942 1077 1018; x_wconf 87' lang='lat' dir='ltr'><strong>affluebant,</strong></span> 
     </span>
     <span class='ocr_line' id='line_1_12' title="bbox 56 1025 1078 1116; baseline -0.004 -23"><span class='ocrx_word' id='word_1_79' title='bbox 56 1049 90 1094; x_wconf 91' lang='lat' dir='ltr'><strong>et</strong></span> <span class='ocrx_word' id='word_1_80' title='bbox 107 1032 173 1116; x_wconf 81' lang='lat' dir='ltr'><strong>jam</strong></span> <span class='ocrx_word' id='word_1_81' title='bbox 188 1031 296 1091; x_wconf 87' lang='lat' dir='ltr'><strong>omnis</strong></span> <span class='ocrx_word' id='word_1_82' title='bbox 315 1027 487 1089; x_wconf 84' lang='lat' dir='ltr'><strong>multitudo</strong></span> <span class='ocrx_word' id='word_1_83' title='bbox 501 1025 746 1107; x_wconf 80' lang='lat' dir='ltr'><strong>effundebatur,</strong></span> <span class='ocrx_word' id='word_1_84' title='bbox 771 1028 868 1089; x_wconf 85' lang='lat' dir='ltr'><strong>timor</strong></span> <span class='ocrx_word' id='word_1_85' title='bbox 886 1029 1011 1092; x_wconf 81' lang='lat' dir='ltr'><strong>incesstt</strong></span> <span class='ocrx_word' id='word_1_86' title='bbox 1029 1028 1078 1092; x_wconf 77' lang='lat' dir='ltr'><strong>Li-¹</strong></span> 
     </span>
     <span class='ocr_line' id='line_1_13' title="bbox 56 1115 1078 1195; baseline 0 -18"><span class='ocrx_word' id='word_1_87' title='bbox 56 1120 165 1195; x_wconf 76' lang='lat' dir='ltr'><strong>vium,-</strong></span> <span class='ocrx_word' id='word_1_88' title='bbox 196 1138 242 1178; x_wconf 89' lang='lat' dir='ltr'><strong>ne</strong></span> <span class='ocrx_word' id='word_1_89' title='bbox 264 1132 297 1178; x_wconf 80' lang='lat' dir='ltr'><strong>et</strong></span> <span class='ocrx_word' id='word_1_90' title='bbox 324 1116 492 1181; x_wconf 80' lang='lat' dir='ltr'><strong>auxiliares</strong></span> <span class='ocrx_word' id='word_1_91' title='bbox 512 1115 842 1194; x_wconf 80' lang='lat' dir='ltr'><strong>circumvenirentur,</strong></span> <span class='ocrx_word' id='word_1_92' title='bbox 887 1130 920 1178; x_wconf 75' lang='lat' dir='ltr'><strong>et</strong></span> <span class='ocrx_word' id='word_1_93' title='bbox 941 1118 1078 1181; x_wconf 76' lang='lat' dir='ltr'><strong>navibus</strong></span> 
     </span>
     <span class='ocr_line' id='line_1_14' title="bbox 58 1199 1118 1286; baseline -0.004 -19"><span class='ocrx_word' id='word_1_94' title='bbox 58 1208 156 1267; x_wconf 82' lang='lat' dir='ltr'><strong>etiam</strong></span> <span class='ocrx_word' id='word_1_95' title='bbox 175 1208 214 1265; x_wconf 91' lang='lat' dir='ltr'><strong>ab</strong></span> <span class='ocrx_word' id='word_1_96' title='bbox 234 1220 319 1264; x_wconf 85' lang='lat' dir='ltr'><strong>terra</strong></span> <span class='ocrx_word' id='word_1_97' title='bbox 340 1202 520 1286; x_wconf 83' lang='lat' dir='ltr'><strong>periculum</strong></span> <span class='ocrx_word' id='word_1_98' title='bbox 542 1199 634 1260; x_wconf 86' lang='lat' dir='ltr'><strong>esset:</strong></span> <span class='ocrx_word' id='word_1_99' title='bbox 670 1200 715 1261; x_wconf 92' lang='lat' dir='ltr'><strong>ita</strong></span> <span class='ocrx_word' id='word_1_100' title='bbox 734 1223 806 1262; x_wconf 90' lang='lat' dir='ltr'><strong>non</strong></span> <span class='ocrx_word' id='word_1_101' title='bbox 827 1202 951 1269; x_wconf 71' lang='lat' dir='ltr'><strong>milites=</strong></span> <span class='ocrx_word' id='word_1_102' title='bbox 966 1203 1077 1277; x_wconf 87' lang='lat' dir='ltr'><strong>solum,</strong></span> <span class='ocrx_word' id='word_1_103' title='bbox 1115 1210 1118 1215; x_wconf 89' lang='lat'>&#39;</span> 
     </span>
    </p>

    <p class='ocr_par' dir='ltr' id='par_1_4' title="bbox 11 1284 1151 2063">
     <span class='ocr_line' id='line_1_15' title="bbox 11 1284 1077 1373; baseline -0.005 -19"><span class='ocrx_word' id='word_1_104' title='bbox 11 1300 16 1309; x_wconf 91' lang='grc'><strong>“</strong></span> <span class='ocrx_word' id='word_1_105' title='bbox 56 1292 114 1354; x_wconf 88' lang='lat' dir='ltr'><strong>sed</strong></span> <span class='ocrx_word' id='word_1_106' title='bbox 129 1292 223 1352; x_wconf 83' lang='lat' dir='ltr'><strong>etiam</strong></span> <span class='ocrx_word' id='word_1_107' title='bbox 236 1291 366 1352; x_wconf 79' lang='lat' dir='ltr'><strong>navales</strong></span> <span class='ocrx_word' id='word_1_108' title='bbox 382 1284 498 1365; x_wconf 85' lang='lat' dir='ltr'><strong>socios,</strong></span> <span class='ocrx_word' id='word_1_109' title='bbox 521 1288 678 1372; x_wconf 82' lang='lat' dir='ltr'><strong>remigum</strong></span> <span class='ocrx_word' id='word_1_110' title='bbox 697 1291 841 1367; x_wconf 84' lang='lat' dir='ltr'><strong>turbam,</strong></span> <span class='ocrx_word' id='word_1_111' title='bbox 864 1291 977 1373; x_wconf 80' lang='lat' dir='ltr'><strong>quibus</strong></span> <span class='ocrx_word' id='word_1_112' title='bbox 993 1290 1077 1372; x_wconf 90' lang='lat' dir='ltr'><strong>quis-</strong></span> 
     </span>
     <span class='ocr_line' id='line_1_16' title="bbox 58 1364 1128 1463; baseline 0 -24"><span class='ocrx_word' id='word_1_113' title='bbox 58 1372 121 1463; x_wconf 81' lang='lat' dir='ltr'><strong>que</strong></span> <span class='ocrx_word' id='word_1_114' title='bbox 141 1377 263 1461; x_wconf 88' lang='lat' dir='ltr'><strong>po&#39;terat</strong></span> <span class='ocrx_word' id='word_1_115' title='bbox 284 1378 373 1453; x_wconf 89' lang='lat' dir='ltr'><strong>telis,</strong></span> <span class='ocrx_word' id='word_1_116' title='bbox 402 1392 539 1436; x_wconf 89' lang='lat' dir='ltr'><strong>armatos</strong></span> <span class='ocrx_word' id='word_1_117' title='bbox 566 1376 604 1437; x_wconf 88' lang='lat' dir='ltr'><strong>in</strong></span> <span class='ocrx_word' id='word_1_118' title='bbox 622 1364 784 1457; x_wconf 88' lang='lat' dir='ltr'><strong>proelium</strong></span> <span class='ocrx_word' id='word_1_119' title='bbox 806 1376 926 1441; x_wconf 83' lang='lat' dir='ltr'><strong>eduxit.</strong></span> <span class='ocrx_word' id='word_1_120' title='bbox 991 1380 1081 1439; x_wconf 86' lang='lat' dir='ltr'><strong>Tum</strong></span> <span class='ocrx_word' id='word_1_121' title='bbox 1125 1416 1128 1423; x_wconf 94' lang='lat'>·</span> 
     </span>
     <span class='ocr_line' id='line_1_17' title="bbox 57 1461 1077 1548; baseline -0.002 -23"><span class='ocrx_word' id='word_1_122' title='bbox 57 1486 186 1548; x_wconf 83' lang='lat' dir='ltr'><strong>quoque</strong></span> <span class='ocrx_word' id='word_1_123' title='bbox 198 1485 317 1547; x_wconf 89' lang='lat' dir='ltr'><strong>anceps</strong></span> <span class='ocrx_word' id='word_1_124' title='bbox 333 1484 443 1547; x_wconf 83' lang='lat' dir='ltr'><strong>pugna</strong></span> <span class='ocrx_word' id='word_1_125' title='bbox 464 1461 524 1545; x_wconf 81' lang='lat' dir='ltr'><strong>fuit</strong></span> <span class='ocrx_word' id='word_1_126' title='bbox 535 1480 553 1537; x_wconf 83' lang='lat'><strong>3·</strong></span> <span class='ocrx_word' id='word_1_127' title='bbox 574 1482 681 1542; x_wconf 87' lang='lat' dir='ltr'><strong>nequo</strong></span> <span class='ocrx_word' id='word_1_128' title='bbox 697 1463 814 1525; x_wconf 88' lang='lat' dir='ltr'><strong>milites</strong></span> <span class='ocrx_word' id='word_1_129' title='bbox 831 1464 931 1527; x_wconf 91' lang='lat' dir='ltr'><strong>solum</strong></span> <span class='ocrx_word' id='word_1_130' title='bbox 947 1465 1077 1546; x_wconf 88' lang='lat' dir='ltr'><strong>aliquot,</strong></span> 
     </span>
     <span class='ocr_line' id='line_1_18' title="bbox 57 1543 1079 1635; baseline -0.005 -21"><span class='ocrx_word' id='word_1_131' title='bbox 57 1543 113 1614; x_wconf 79' lang='lat' dir='ltr'><strong>sets</strong></span> <span class='ocrx_word' id='word_1_132' title='bbox 138 1556 172 1614; x_wconf 92' lang='lat' dir='ltr'><strong>L.</strong></span> <span class='ocrx_word' id='word_1_133' title='bbox 194 1550 343 1634; x_wconf 77' lang='lat' dir='ltr'><strong>Apustius</strong></span> <span class='ocrx_word' id='word_1_134' title='bbox 366 1549 571 1609; x_wconf 87' lang='lat' dir='ltr'><strong>tumultuario</strong></span> <span class='ocrx_word' id='word_1_135' title='bbox 594 1550 717 1629; x_wconf 88' lang='lat' dir='ltr'><strong>proelio</strong></span> <span class='ocrx_word' id='word_1_136' title='bbox 739 1550 863 1615; x_wconf 87' lang='lat' dir='ltr'><strong>cecidit.</strong></span> <span class='ocrx_word' id='word_1_137' title='bbox 917 1550 1079 1635; x_wconf 89' lang='lat' dir='ltr'><strong>postremo</strong></span> 
     </span>
     <span class='ocr_line' id='line_1_19' title="bbox 56 1633 1076 1718; baseline 0 -19"><span class='ocrx_word' id='word_1_138' title='bbox 56 1655 167 1705; x_wconf 85' lang='lat' dir='ltr'><strong>tamen</strong></span> <span class='ocrx_word' id='word_1_139' title='bbox 190 1637 249 1699; x_wconf 79' lang='lat' dir='ltr'><strong>fust</strong></span> <span class='ocrx_word' id='word_1_140' title='bbox 271 1637 432 1718; x_wconf 81' lang='lat' dir='ltr'><strong>fugatique</strong></span> <span class='ocrx_word' id='word_1_141' title='bbox 455 1633 529 1693; x_wconf 90' lang='lat' dir='ltr'><strong>sunt</strong></span> <span class='ocrx_word' id='word_1_142' title='bbox 543 1634 649 1714; x_wconf 87' lang='lat' dir='ltr'><strong>Lycii,</strong></span> <span class='ocrx_word' id='word_1_143' title='bbox 681 1652 775 1717; x_wconf 88' lang='lat' dir='ltr'><strong>atque</strong></span> <span class='ocrx_word' id='word_1_144' title='bbox 797 1639 835 1699; x_wconf 90' lang='lat' dir='ltr'><strong>in</strong></span> <span class='ocrx_word' id='word_1_145' title='bbox 857 1642 972 1701; x_wconf 87' lang='lat' dir='ltr'><strong>urbem</strong></span> <span class='ocrx_word' id='word_1_146' title='bbox 992 1660 1076 1705; x_wconf 84' lang='lat' dir='ltr'><strong>com·</strong></span> 
     </span>
     <span class='ocr_line' id='line_1_20' title="bbox 56 1718 1078 1810; baseline -0.002 -25"><span class='ocrx_word' id='word_1_147' title='bbox 56 1725 152 1810; x_wconf 85' lang='lat' dir='ltr'><strong>pulfi:</strong></span> <span class='ocrx_word' id='word_1_148' title='bbox 185 1740 216 1784; x_wconf 90' lang='lat' dir='ltr'><strong>et</strong></span> <span class='ocrx_word' id='word_1_149' title='bbox 230 1723 372 1782; x_wconf 84' lang='lat' dir='ltr'><strong>Romani</strong></span> <span class='ocrx_word' id='word_1_150' title='bbox 388 1744 460 1781; x_wconf 91' lang='lat' dir='ltr'><strong>cum</strong></span> <span class='ocrx_word' id='word_1_151' title='bbox 482 1718 571 1801; x_wconf 67' lang='lat' dir='ltr'><strong>hauri</strong></span> <span class='ocrx_word' id='word_1_152' title='bbox 588 1720 760 1781; x_wconf 88' lang='lat' dir='ltr'><strong>incruenta</strong></span> <span class='ocrx_word' id='word_1_153' title='bbox 777 1723 908 1787; x_wconf 85' lang='lat' dir='ltr'><strong>victoria</strong></span> <span class='ocrx_word' id='word_1_154' title='bbox 923 1726 964 1787; x_wconf 89' lang='lat' dir='ltr'><strong>ad</strong></span> <span class='ocrx_word' id='word_1_155' title='bbox 979 1744 1078 1787; x_wconf 87' lang='lat' dir='ltr'><strong>naves</strong></span> 
     </span>
     <span class='ocr_line' id='line_1_21' title="bbox 47 1802 1077 1890; baseline -0.012 -17"><span class='ocrx_word' id='word_1_156' title='bbox 47 1812 236 1873; x_wconf 78' lang='lat' dir='ltr'><strong>&#39;redierunt</strong></span> <span class='ocrx_word' id='word_1_157' title='bbox 259 1824 265 1837; x_wconf 91' lang='lat'><strong>·</strong></span> <span class='ocrx_word' id='word_1_158' title='bbox 280 1806 364 1869; x_wconf 89' lang='lat' dir='ltr'><strong>Inde</strong></span> <span class='ocrx_word' id='word_1_159' title='bbox 378 1808 415 1866; x_wconf 87' lang='lat' dir='ltr'><strong>in</strong></span> <span class='ocrx_word' id='word_1_160' title='bbox 429 1802 647 1885; x_wconf 70' lang='lat' dir='ltr'><strong>Telmifsrcum</strong></span> <span class='ocrx_word' id='word_1_161' title='bbox 663 1806 797 1888; x_wconf 87' lang='lat' dir='ltr'><strong>profecti</strong></span> <span class='ocrx_word' id='word_1_162' title='bbox 814 1808 936 1887; x_wconf 76' lang='lat' dir='ltr'><strong>li‘uum,</strong></span> <span class='ocrx_word' id='word_1_163' title='bbox 965 1810 1019 1890; x_wconf 87' lang='lat' dir='ltr'><strong>qui</strong></span> <span class='ocrx_word' id='word_1_164' title='bbox 1034 1812 1077 1869; x_wconf 59' lang='lat' dir='ltr'><strong>la.</strong></span> 
     </span>
     <span class='ocr_line' id='line_1_22' title="bbox 57 1890 1151 1976; baseline -0.008 -20"><span class='ocrx_word' id='word_1_165' title='bbox 57 1914 128 1957; x_wconf 86' lang='lat' dir='ltr'><strong>tere</strong></span> <span class='ocrx_word' id='word_1_166' title='bbox 149 1916 217 1953; x_wconf 88' lang='lat' dir='ltr'><strong>uno</strong></span> <span class='ocrx_word' id='word_1_167' title='bbox 236 1894 378 1967; x_wconf 85' lang='lat' dir='ltr'><strong>Cariam,</strong></span> <span class='ocrx_word' id='word_1_168' title='bbox 408 1892 508 1953; x_wconf 86' lang='lat' dir='ltr'><strong>altero</strong></span> <span class='ocrx_word' id='word_1_169' title='bbox 528 1890 657 1970; x_wconf 81' lang='lat' dir='ltr'><strong>Lyciam</strong></span> <span class='ocrx_word' id='word_1_170' title='bbox 680 1894 857 1976; x_wconf 85' lang='lat' dir='ltr'><strong>contingit,</strong></span> <span class='ocrx_word' id='word_1_171' title='bbox 892 1896 1004 1961; x_wconf 72' lang='lat' dir='ltr'><strong>omissa</strong></span> <span class='ocrx_word' id='word_1_172' title='bbox 1024 1899 1079 1959; x_wconf 67' lang='lat' dir='ltr'><strong>Pa.</strong></span> <span class='ocrx_word' id='word_1_173' title='bbox 1148 1958 1151 1967; x_wconf 38' lang='lat'>‚</span> 
     </span>
     <span class='ocr_line' id='line_1_23' title="bbox 57 1976 1118 2063; baseline -0.003 -20"><span class='ocrx_word' id='word_1_174' title='bbox 57 1999 128 2042; x_wconf 84' lang='lat' dir='ltr'><strong>tara</strong></span> <span class='ocrx_word' id='word_1_175' title='bbox 143 1981 277 2063; x_wconf 86' lang='lat' dir='ltr'><strong>amplius</strong></span> <span class='ocrx_word' id='word_1_176' title='bbox 292 1976 443 2041; x_wconf 84' lang='lat' dir='ltr'><strong>tentandi</strong></span> <span class='ocrx_word' id='word_1_177' title='bbox 461 1978 532 2061; x_wconf 84' lang='lat' dir='ltr'><strong>spe,</strong></span> <span class='ocrx_word' id='word_1_178' title='bbox 562 1976 685 2039; x_wconf 86' lang='lat' dir='ltr'><strong>Rhodii</strong></span> <span class='ocrx_word' id='word_1_179' title='bbox 707 1978 839 2041; x_wconf 82' lang='lat' dir='ltr'><strong>domum</strong></span> <span class='ocrx_word' id='word_1_180' title='bbox 855 1980 972 2043; x_wconf 85' lang='lat' dir='ltr'><strong>dimissi</strong></span> <span class='ocrx_word' id='word_1_181' title='bbox 992 1981 1077 2043; x_wconf 85' lang='lat' dir='ltr'><strong>sunt.</strong></span> <span class='ocrx_word' id='word_1_182' title='bbox 1097 1980 1118 2063; x_wconf 33' lang='grc'><strong>’1</strong></span> 
     </span>
    </p>

    <p class='ocr_par' dir='ltr' id='par_1_5' title="bbox 12 2061 1079 2150">
     <span class='ocr_line' id='line_1_24' title="bbox 12 2061 1079 2150; baseline -0.007 -18"><span class='ocrx_word' id='word_1_183' title='bbox 12 2074 15 2093; x_wconf 83' lang='grc'><strong><em>’</em></strong></span> <span class='ocrx_word' id='word_1_184' title='bbox 57 2070 182 2144; x_wconf 79' lang='lat' dir='ltr'><strong>Livius,</strong></span> <span class='ocrx_word' id='word_1_185' title='bbox 214 2082 449 2150; x_wconf 83' lang='lat' dir='ltr'><strong>praetervectus</strong></span> <span class='ocrx_word' id='word_1_186' title='bbox 471 2061 597 2140; x_wconf 75' lang='lat' dir='ltr'><strong>Atiam,</strong></span> <span class='ocrx_word' id='word_1_187' title='bbox 640 2065 677 2125; x_wconf 90' lang='lat' dir='ltr'><strong>in</strong></span> <span class='ocrx_word' id='word_1_188' title='bbox 700 2066 871 2128; x_wconf 85' lang='lat' dir='ltr'><strong>Graeciam</strong></span> <span class='ocrx_word' id='word_1_189' title='bbox 895 2064 1079 2141; x_wconf 81' lang='lat' dir='ltr'><strong>transmisit,</strong></span> 
     </span>
    </p>

    <p class='ocr_par' dir='ltr' id='par_1_6' title="bbox 25 2150 1133 2328">
     <span class='ocr_line' id='line_1_25' title="bbox 25 2150 1133 2238; baseline -0.003 -20"><span class='ocrx_word' id='word_1_190' title='bbox 25 2186 28 2193; x_wconf 59' lang='lat'><strong><em>¹</em></strong></span> <span class='ocrx_word' id='word_1_191' title='bbox 56 2174 109 2232; x_wconf 91' lang='lat' dir='ltr'><strong>ut,</strong></span> <span class='ocrx_word' id='word_1_192' title='bbox 155 2155 324 2217; x_wconf 82' lang='lat' dir='ltr'><strong>conventis</strong></span> <span class='ocrx_word' id='word_1_193' title='bbox 346 2150 564 2236; x_wconf 82' lang='lat' dir='ltr'><strong>Scipionibus,</strong></span> <span class='ocrx_word' id='word_1_194' title='bbox 610 2152 755 2238; x_wconf 87' lang='lat' dir='ltr'><strong>quitum</strong></span> <span class='ocrx_word' id='word_1_195' title='bbox 777 2155 862 2219; x_wconf 80' lang='lat' dir='ltr'><strong>circa</strong></span> <span class='ocrx_word' id='word_1_196' title='bbox 885 2153 1081 2221; x_wconf 72' lang='lat' dir='ltr'><strong>Thessaliam</strong></span> <span class='ocrx_word' id='word_1_197' title='bbox 1130 2176 1133 2183; x_wconf 95' lang='lat'>·</span> 
     </span>
     <span class='ocr_line' id='line_1_26' title="bbox 57 2239 563 2328; baseline -0.006 -23"><span class='ocrx_word' id='word_1_198' title='bbox 57 2258 168 2322; x_wconf 85' lang='lat' dir='ltr'><strong>erant,</strong></span> <span class='ocrx_word' id='word_1_199' title='bbox 193 2243 231 2317; x_wconf 80' lang='lat' dir='ltr'><strong>in</strong></span> <span class='ocrx_word' id='word_1_200' title='bbox 248 2241 376 2305; x_wconf 86' lang='lat' dir='ltr'><strong>&#39;Italiam</strong></span> <span class='ocrx_word' id='word_1_201' title='bbox 392 2239 563 2328; x_wconf 68' lang='lat' dir='ltr'><strong>trajiceret.</strong></span> 
     </span>
    </p>
   </div>
   <div class='ocr_carea' id='block_1_4' title="bbox 8 2411 1124 3887">
    <p class='ocr_par' dir='ltr' id='par_1_7' title="bbox 8 2411 1124 3887">
     <span class='ocr_line' id='line_1_27' title="bbox 136 2411 1079 2497; baseline 0 -21"><span class='ocrx_word' id='word_1_202' title='bbox 136 2416 237 2476; x_wconf 87' lang='lat' dir='ltr'><strong>XVII.</strong></span> <span class='ocrx_word' id='word_1_203' title='bbox 267 2412 439 2489; x_wconf 86' lang='lat' dir='ltr'><strong>Aemilius,</strong></span> <span class='ocrx_word' id='word_1_204' title='bbox 463 2411 629 2496; x_wconf 85' lang='lat' dir='ltr'><strong>postquam</strong></span> <span class='ocrx_word' id='word_1_205' title='bbox 645 2412 772 2477; x_wconf 79' lang='lat' dir='ltr'><strong>omissas</strong></span> <span class='ocrx_word' id='word_1_206' title='bbox 788 2416 826 2478; x_wconf 87' lang='lat' dir='ltr'><strong>in</strong></span> <span class='ocrx_word' id='word_1_207' title='bbox 838 2412 938 2497; x_wconf 81' lang='lat' dir='ltr'><strong>Lycia</strong></span> <span class='ocrx_word' id='word_1_208' title='bbox 952 2436 1023 2491; x_wconf 88' lang='lat' dir='ltr'><strong>res,</strong></span> <span class='ocrx_word' id='word_1_209' title='bbox 1046 2428 1079 2479; x_wconf 86' lang='lat' dir='ltr'><strong>et</strong></span> 
     </span>
     <span class='ocr_line' id='line_1_28' title="bbox 35 2493 1078 2587; baseline -0.001 -22"><span class='ocrx_word' id='word_1_210' title='bbox 35 2582 38 2587; x_wconf 25' lang='grc' dir='ltr'>Ι</span> <span class='ocrx_word' id='word_1_211' title='bbox 54 2503 183 2566; x_wconf 82' lang='lat' dir='ltr'><strong>Livium</strong></span> <span class='ocrx_word' id='word_1_212' title='bbox 195 2498 375 2584; x_wconf 88' lang='lat' dir='ltr'><strong>profectum</strong></span> <span class='ocrx_word' id='word_1_213' title='bbox 389 2500 425 2560; x_wconf 90' lang='lat' dir='ltr'><strong>in</strong></span> <span class='ocrx_word' id='word_1_214' title='bbox 435 2499 559 2565; x_wconf 80' lang='lat' dir='ltr'><strong>ltaliam</strong></span> <span class='ocrx_word' id='word_1_215' title='bbox 573 2502 738 2587; x_wconf 86' lang='lat' dir='ltr'><strong>cognovit,</strong></span> <span class='ocrx_word' id='word_1_216' title='bbox 755 2502 907 2587; x_wconf 78' lang='lat' dir='ltr'><strong>cumipse</strong></span> <span class='ocrx_word' id='word_1_217' title='bbox 922 2507 963 2565; x_wconf 90' lang='lat' dir='ltr'><strong>ab</strong></span> <span class='ocrx_word' id='word_1_218' title='bbox 969 2493 1078 2585; x_wconf 81' lang='lat' dir='ltr'><strong>Ephe·</strong></span> 
     </span>
     <span class='ocr_line' id='line_1_29' title="bbox 39 2585 1078 2672; baseline 0 -23"><span class='ocrx_word' id='word_1_219' title='bbox 39 2591 105 2666; x_wconf 46' lang='lat' dir='ltr'><strong>rso,</strong></span> <span class='ocrx_word' id='word_1_220' title='bbox 122 2587 265 2672; x_wconf 88' lang='lat' dir='ltr'><strong>repulsus</strong></span> <span class='ocrx_word' id='word_1_221' title='bbox 281 2585 475 2669; x_wconf 77' lang='lat' dir='ltr'><strong>tempestate,</strong></span> <span class='ocrx_word' id='word_1_222' title='bbox 492 2585 583 2659; x_wconf 86' lang='lat' dir='ltr'><strong>irrito</strong></span> <span class='ocrx_word' id='word_1_223' title='bbox 598 2590 728 2671; x_wconf 84' lang='lat' dir='ltr'><strong>incepto</strong></span> <span class='ocrx_word' id='word_1_224' title='bbox 745 2591 875 2655; x_wconf 82' lang='lat' dir='ltr'><strong>Samum</strong></span> <span class='ocrx_word' id='word_1_225' title='bbox 888 2588 1078 2665; x_wconf 77' lang='lat' dir='ltr'><strong>revertisset,</strong></span> 
     </span>
     <span class='ocr_line' id='line_1_30' title="bbox 48 2670 1116 2765; baseline 0.003 -29"><span class='ocrx_word' id='word_1_226' title='bbox 48 2686 149 2759; x_wconf 80' lang='lat' dir='ltr'><strong>turpe</strong></span> <span class='ocrx_word' id='word_1_227' title='bbox 173 2692 270 2751; x_wconf 88' lang='lat' dir='ltr'><strong>ratus,</strong></span> <span class='ocrx_word' id='word_1_228' title='bbox 286 2690 408 2736; x_wconf 86' lang='lat' dir='ltr'><strong>tentata</strong></span> <span class='ocrx_word' id='word_1_229' title='bbox 427 2670 543 2735; x_wconf 80' lang='lat' dir='ltr'><strong>frustra</strong></span> <span class='ocrx_word' id='word_1_230' title='bbox 558 2678 667 2735; x_wconf 86' lang='lat' dir='ltr'><strong>Patara</strong></span> <span class='ocrx_word' id='word_1_231' title='bbox 683 2673 764 2753; x_wconf 85' lang='lat' dir='ltr'><strong>osse,</strong></span> <span class='ocrx_word' id='word_1_232' title='bbox 788 2678 946 2761; x_wconf 81' lang='lat' dir='ltr'><strong>proficisci</strong></span> <span class='ocrx_word' id='word_1_233' title='bbox 961 2699 999 2742; x_wconf 85' lang='lat' dir='ltr'><strong>co</strong></span> <span class='ocrx_word' id='word_1_234' title='bbox 1013 2694 1080 2745; x_wconf 83' lang='lat' dir='ltr'><strong>tota</strong></span> <span class='ocrx_word' id='word_1_235' title='bbox 1109 2746 1116 2765; x_wconf 76' lang='lat'><strong>.</strong></span> 
     </span>
     <span class='ocr_line' id='line_1_31' title="bbox 25 2760 1084 2844; baseline 0.005 -20"><span class='ocrx_word' id='word_1_236' title='bbox 25 2788 28 2793; x_wconf 92' lang='lat'>·</span> <span class='ocrx_word' id='word_1_237' title='bbox 55 2762 168 2839; x_wconf 79' lang='lat' dir='ltr'><strong>classe,</strong></span> <span class='ocrx_word' id='word_1_238' title='bbox 200 2774 232 2821; x_wconf 85' lang='lat' dir='ltr'><strong>et</strong></span> <span class='ocrx_word' id='word_1_239' title='bbox 251 2760 374 2821; x_wconf 85' lang='lat' dir='ltr'><strong>summa</strong></span> <span class='ocrx_word' id='word_1_240' title='bbox 389 2760 424 2823; x_wconf 80' lang='lat' dir='ltr'><strong>vi</strong></span> <span class='ocrx_word' id='word_1_241' title='bbox 446 2760 573 2844; x_wconf 80' lang='lat' dir='ltr'><strong>aggredi</strong></span> <span class='ocrx_word' id='word_1_242' title='bbox 594 2765 709 2823; x_wconf 89' lang='lat' dir='ltr'><strong>urbem</strong></span> <span class='ocrx_word' id='word_1_243' title='bbox 724 2761 838 2829; x_wconf 83' lang='lat' dir='ltr'><strong>statuit.</strong></span> <span class='ocrx_word' id='word_1_244' title='bbox 883 2767 1031 2828; x_wconf 83' lang='lat' dir='ltr'><strong>Miletum</strong></span> <span class='ocrx_word' id='word_1_245' title='bbox 1047 2780 1084 2829; x_wconf 79' lang='lat' dir='ltr'><strong>et</strong></span> 
     </span>
     <span class='ocr_line' id='line_1_32' title="bbox 54 2846 1081 2934; baseline 0.003 -24"><span class='ocrx_word' id='word_1_246' title='bbox 54 2864 197 2910; x_wconf 84' lang='lat' dir='ltr'><strong>ceteram</strong></span> <span class='ocrx_word' id='word_1_247' title='bbox 211 2870 301 2909; x_wconf 88' lang='lat' dir='ltr'><strong>oram</strong></span> <span class='ocrx_word' id='word_1_248' title='bbox 315 2846 472 2909; x_wconf 91' lang='lat' dir='ltr'><strong>sociorum</strong></span> <span class='ocrx_word' id='word_1_249' title='bbox 489 2850 717 2931; x_wconf 84' lang='lat' dir='ltr'><strong>praetervecti,</strong></span> <span class='ocrx_word' id='word_1_250' title='bbox 734 2851 771 2911; x_wconf 90' lang='lat' dir='ltr'><strong>in</strong></span> <span class='ocrx_word' id='word_1_251' title='bbox 781 2853 993 2934; x_wconf 85' lang='lat' dir='ltr'><strong>Bargylietico</strong></span> <span class='ocrx_word' id='word_1_252' title='bbox 1006 2851 1081 2913; x_wconf 85' lang='lat' dir='ltr'><strong>sinu</strong></span> 
     </span>
     <span class='ocr_line' id='line_1_33' title="bbox 55 2932 1079 3020; baseline 0.003 -21"><span class='ocrx_word' id='word_1_253' title='bbox 55 2934 297 2999; x_wconf 81' lang='lat' dir='ltr'><strong>exscensioncm</strong></span> <span class='ocrx_word' id='word_1_254' title='bbox 312 2933 353 2995; x_wconf 85' lang='lat' dir='ltr'><strong>ad</strong></span> <span class='ocrx_word' id='word_1_255' title='bbox 369 2932 489 2995; x_wconf 86' lang='lat' dir='ltr'><strong>lassum</strong></span> <span class='ocrx_word' id='word_1_256' title='bbox 505 2934 663 2999; x_wconf 87' lang='lat' dir='ltr'><strong>fecerunt.</strong></span> <span class='ocrx_word' id='word_1_257' title='bbox 704 2938 833 2999; x_wconf 86' lang='lat' dir='ltr'><strong>-Urbem</strong></span> <span class='ocrx_word' id='word_1_258' title='bbox 850 2940 973 3020; x_wconf 87' lang='lat' dir='ltr'><strong>regium</strong></span> <span class='ocrx_word' id='word_1_259' title='bbox 985 2947 1079 3002; x_wconf 88' lang='lat' dir='ltr'><strong>&#39;tene-</strong></span> 
     </span>
     <span class='ocr_line' id='line_1_34' title="bbox 56 3003 1081 3112; baseline 0.005 -30"><span class='ocrx_word' id='word_1_260' title='bbox 56 3025 114 3082; x_wconf 89' lang='lat' dir='ltr'><strong>bat</strong></span> <span class='ocrx_word' id='word_1_261' title='bbox 127 3021 334 3105; x_wconf 74' lang='lat' dir='ltr'><strong>praesidium:</strong></span> <span class='ocrx_word' id='word_1_262' title='bbox 349 3040 461 3105; x_wconf 84' lang='lat' dir='ltr'><strong>agrum</strong></span> <span class='ocrx_word' id='word_1_263' title='bbox 475 3003 710 3088; x_wconf 49' lang='lat' dir='ltr'><strong>circaRomffni</strong></span> <span class='ocrx_word' id='word_1_264' title='bbox 724 3024 880 3093; x_wconf 81' lang='lat' dir='ltr'><strong>hostiliter</strong></span> <span class='ocrx_word' id='word_1_265' title='bbox 894 3025 1081 3112; x_wconf 82' lang='lat' dir='ltr'><strong>depopulati</strong></span> 
     </span>
     <span class='ocr_line' id='line_1_35' title="bbox 53 3106 1080 3196; baseline 0.005 -28"><span class='ocrx_word' id='word_1_266' title='bbox 53 3107 141 3181; x_wconf 82' lang='lat' dir='ltr'><strong>sunt.</strong></span> <span class='ocrx_word' id='word_1_267' title='bbox 202 3108 301 3173; x_wconf 84' lang='lat' dir='ltr'><strong>Missis</strong></span> <span class='ocrx_word' id='word_1_268' title='bbox 325 3106 465 3183; x_wconf 87' lang='lat' dir='ltr'><strong>deinde,</strong></span> <span class='ocrx_word' id='word_1_269' title='bbox 503 3109 558 3191; x_wconf 93' lang='lat' dir='ltr'><strong>qui</strong></span> <span class='ocrx_word' id='word_1_270' title='bbox 581 3132 640 3193; x_wconf 87' lang='lat' dir='ltr'><strong>per</strong></span> <span class='ocrx_word' id='word_1_271' title='bbox 659 3107 829 3192; x_wconf 62' lang='lat' dir='ltr'><strong>colloquia*</strong></span> <span class='ocrx_word' id='word_1_272' title='bbox 840 3112 1027 3196; x_wconf 88' lang='lat' dir='ltr'><strong>principum</strong></span> <span class='ocrx_word' id='word_1_273' title='bbox 1046 3129 1080 3176; x_wconf 85' lang='lat' dir='ltr'><strong>et</strong></span> 
     </span>
     <span class='ocr_line' id='line_1_36' title="bbox 52 3194 1081 3286; baseline 0.005 -28"><span class='ocrx_word' id='word_1_274' title='bbox 52 3194 292 3280; x_wconf 78' lang='lat' dir='ltr'><strong>magistratuum</strong></span> <span class='ocrx_word' id='word_1_275' title='bbox 317 3210 484 3273; x_wconf 71' lang='lat' dir='ltr'><strong>tentarent</strong></span> <span class='ocrx_word' id='word_1_276' title='bbox 508 3198 654 3271; x_wconf 77' lang='lat' dir='ltr'><strong>animm,</strong></span> <span class='ocrx_word' id='word_1_277' title='bbox 676 3196 842 3278; x_wconf 84' lang='lat' dir='ltr'><strong>postquam</strong></span> <span class='ocrx_word' id='word_1_278' title='bbox 860 3198 945 3259; x_wconf 88' lang='lat' dir='ltr'><strong>nihil</strong></span> <span class='ocrx_word' id='word_1_279' title='bbox 964 3203 1003 3265; x_wconf 86' lang='lat' dir='ltr'><strong>in</strong></span> <span class='ocrx_word' id='word_1_280' title='bbox 1023 3223 1081 3286; x_wconf 70' lang='lat' dir='ltr'><strong>po·</strong></span> 
     </span>
     <span class='ocr_line' id='line_1_37' title="bbox 53 3280 1080 3369; baseline 0.005 -26"><span class='ocrx_word' id='word_1_281' title='bbox 53 3280 165 3345; x_wconf 82' lang='lat' dir='ltr'><strong>testate</strong></span> <span class='ocrx_word' id='word_1_282' title='bbox 180 3282 236 3346; x_wconf 87' lang='lat' dir='ltr'><strong>sua</strong></span> <span class='ocrx_word' id='word_1_283' title='bbox 252 3281 493 3365; x_wconf 85' lang='lat' dir='ltr'><strong>responderunt</strong></span> <span class='ocrx_word' id='word_1_284' title='bbox 517 3280 597 3360; x_wconf 87' lang='lat' dir='ltr'><strong>esse,</strong></span> <span class='ocrx_word' id='word_1_285' title='bbox 629 3280 670 3342; x_wconf 84' lang='lat' dir='ltr'><strong>ad</strong></span> <span class='ocrx_word' id='word_1_286' title='bbox 690 3286 1080 3369; x_wconf 81' lang='lat' dir='ltr'><strong>urbemoppugnandam</strong></span> 
     </span>
     <span class='ocr_line' id='line_1_38' title="bbox 38 3364 1080 3439; baseline -0.005 -8"><span class='ocrx_word' id='word_1_287' title='bbox 38 3364 175 3432; x_wconf 70' lang='lat' dir='ltr'><strong>&#39;ducit&#39;</strong></span> <span class='ocrx_word' id='word_1_288' title='bbox 198 3370 302 3435; x_wconf 78' lang='lat' dir='ltr'><strong>Erant</strong></span> <span class='ocrx_word' id='word_1_289' title='bbox 318 3366 506 3431; x_wconf 81' lang='lat' dir='ltr'><strong>lasscnfium</strong></span> <span class='ocrx_word' id='word_1_290' title='bbox 523 3369 645 3434; x_wconf 81' lang='lat' dir='ltr'><strong>exsules</strong></span> <span class='ocrx_word' id='word_1_291' title='bbox 666 3390 740 3433; x_wconf 88' lang='lat' dir='ltr'><strong>cum</strong></span> <span class='ocrx_word' id='word_1_292' title='bbox 755 3372 931 3437; x_wconf 87' lang='lat' dir='ltr'><strong>Romanis:</strong></span> <span class='ocrx_word' id='word_1_293' title='bbox 962 3370 987 3439; x_wconf 89' lang='lat' dir='ltr'><strong>ii</strong></span> <span class='ocrx_word' id='word_1_294' title='bbox 1014 3374 1080 3438; x_wconf 85' lang='lat' dir='ltr'><strong>fre.</strong></span> 
     </span>
     <span class='ocr_line' id='line_1_39' title="bbox 51 3454 1087 3539; baseline 0.01 -25"><span class='ocrx_word' id='word_1_295' title='bbox 51 3466 193 3539; x_wconf 79' lang='lat' dir='ltr'><strong>quentes</strong></span> <span class='ocrx_word' id='word_1_296' title='bbox 213 3454 359 3520; x_wconf 83' lang='lat' dir='ltr'><strong>Rhodios</strong></span> <span class='ocrx_word' id='word_1_297' title='bbox 388 3475 481 3517; x_wconf 85' lang='lat' dir='ltr'><strong>orare</strong></span> <span class='ocrx_word' id='word_1_298' title='bbox 504 3455 705 3533; x_wconf 85' lang='lat' dir='ltr'><strong>institerunt,</strong></span> <span class='ocrx_word' id='word_1_299' title='bbox 737 3455 786 3517; x_wconf 82' lang='lat' dir='ltr'><strong>Ne</strong></span> <span class='ocrx_word' id='word_1_300' title='bbox 808 3457 927 3537; x_wconf 75' lang='lat' dir='ltr'><strong>arbem,</strong></span> <span class='ocrx_word' id='word_1_301' title='bbox 957 3482 987 3524; x_wconf 82' lang='lat' dir='ltr'><strong>et</strong></span> <span class='ocrx_word' id='word_1_302' title='bbox 1008 3456 1087 3524; x_wconf 59' lang='lat' dir='ltr'><strong>vica</strong></span> 
     </span>
     <span class='ocr_line' id='line_1_40' title="bbox 53 3538 1081 3627; baseline 0.002 -20"><span class='ocrx_word' id='word_1_303' title='bbox 53 3562 125 3607; x_wconf 74' lang='lat' dir='ltr'><strong>nom</strong></span> <span class='ocrx_word' id='word_1_304' title='bbox 141 3538 214 3622; x_wconf 67' lang='lat' dir='ltr'><strong>fibi,</strong></span> <span class='ocrx_word' id='word_1_305' title='bbox 249 3561 278 3604; x_wconf 81' lang='lat' dir='ltr'><strong>et</strong></span> <span class='ocrx_word' id='word_1_306' title='bbox 301 3559 466 3627; x_wconf 74' lang='lat' dir='ltr'><strong>cognatam,</strong></span> <span class='ocrx_word' id='word_1_307' title='bbox 502 3544 652 3605; x_wconf 76' lang='lat' dir='ltr'><strong>innoxiam</strong></span> <span class='ocrx_word' id='word_1_308' title='bbox 675 3545 781 3624; x_wconf 77' lang='lat' dir='ltr'><strong>perire</strong></span> <span class='ocrx_word' id='word_1_309' title='bbox 805 3541 949 3616; x_wconf 74' lang='lat' dir='ltr'><strong>fineretur.</strong></span> <span class='ocrx_word' id='word_1_310' title='bbox 991 3546 1081 3614; x_wconf 71' lang='lat' dir='ltr'><strong>‚Sili</strong></span> 
     </span>
     <span class='ocr_line' id='line_1_41' title="bbox 53 3622 1082 3721; baseline 0.004 -31"><span class='ocrx_word' id='word_1_311' title='bbox 53 3624 154 3707; x_wconf 72' lang='lat' dir='ltr'><strong>cxfisii</strong></span> <span class='ocrx_word' id='word_1_312' title='bbox 179 3628 289 3692; x_wconf 68' lang='lat' dir='ltr'><strong>aulae</strong></span> <span class='ocrx_word' id='word_1_313' title='bbox 311 3628 395 3691; x_wconf 71' lang='lat' dir='ltr'><strong>alien</strong></span> <span class='ocrx_word' id='word_1_314' title='bbox 418 3622 528 3708; x_wconf 77' lang='lat' dir='ltr'><strong>causam</strong></span> <span class='ocrx_word' id='word_1_315' title='bbox 556 3626 628 3711; x_wconf 77' lang='lat' dir='ltr'><strong>effe,</strong></span> <span class='ocrx_word' id='word_1_316' title='bbox 670 3648 754 3709; x_wconf 75' lang='lat' dir='ltr'><strong>quam</strong></span> <span class='ocrx_word' id='word_1_317' title='bbox 771 3626 864 3710; x_wconf 72' lang='lat' dir='ltr'><strong>fideus</strong></span> <span class='ocrx_word' id='word_1_318' title='bbox 885 3655 957 3721; x_wconf 82' lang='lat' dir='ltr'><strong>erga</strong></span> <span class='ocrx_word' id='word_1_319' title='bbox 977 3632 1082 3699; x_wconf 72' lang='lat' dir='ltr'><strong>Rome·</strong></span> 
     </span>
     <span class='ocr_line' id='line_1_42' title="bbox 8 3713 1106 3809; baseline -0.001 -29"><span class='ocrx_word' id='word_1_320' title='bbox 8 3768 16 3793; x_wconf 66' lang='lat'><strong>,</strong></span> <span class='ocrx_word' id='word_1_321' title='bbox 51 3736 124 3781; x_wconf 76' lang='lat' dir='ltr'><strong>act.</strong></span> <span class='ocrx_word' id='word_1_322' title='bbox 169 3715 279 3809; x_wconf 74' lang='lat' dir='ltr'><strong>Eetlm</strong></span> <span class='ocrx_word' id='word_1_323' title='bbox 300 3720 335 3781; x_wconf 81' lang='lat' dir='ltr'><strong>ui</strong></span> <span class='ocrx_word' id='word_1_324' title='bbox 352 3717 534 3804; x_wconf 59' lang='lat' dir='ltr'><strong>&#39;regiorum</strong></span> <span class='ocrx_word' id='word_1_325' title='bbox 558 3734 617 3805; x_wconf 78' lang='lat' dir='ltr'><strong>qua</strong></span> <span class='ocrx_word' id='word_1_326' title='bbox 637 3713 793 3808; x_wconf 71' lang='lat' dir='ltr'><strong>ipfipttlst</strong></span> <span class='ocrx_word' id='word_1_327' title='bbox 810 3715 897 3798; x_wconf 75' lang='lat' dir='ltr'><strong>stet,</strong></span> <span class='ocrx_word' id='word_1_328' title='bbox 916 3722 1106 3795; x_wconf 58' lang='lat' dir='ltr'><strong>atuaticos,</strong></span> 
     </span>
     <span class='ocr_line' id='line_1_43' title="bbox 53 3806 1124 3887; baseline -0.001 -22"><span class='ocrx_word' id='word_1_329' title='bbox 53 3854 58 3865; x_wconf 88' lang='lat'><strong>.</strong></span> <span class='ocrx_word' id='word_1_330' title='bbox 112 3846 118 3855; x_wconf 75' lang='lat'><em>,</em></span> <span class='ocrx_word' id='word_1_331' title='bbox 602 3807 670 3887; x_wconf 76' lang='lat'><strong>83</strong></span> <span class='ocrx_word' id='word_1_332' title='bbox 1006 3816 1009 3823; x_wconf 85' lang='lat'>&#39;</span> <span class='ocrx_word' id='word_1_333' title='bbox 1060 3806 1124 3887; x_wconf 52' lang='grc' dir='ltr'><strong>φὶ</strong></span> 
     </span>
    </p>
   </div>
   <div class='ocr_carea' id='block_1_5' title="bbox 0 0 1183 4140">
    <p class='ocr_par' dir='ltr' id='par_1_8' title="bbox 0 0 1183 4140">
     <span class='ocr_line' id='line_1_44' title="bbox 0 0 1183 4140; baseline 0 0"><span class='ocrx_word' id='word_1_334' title='bbox 0 0 1183 4140; x_wconf 95' lang='lat' dir='ltr'><strong> </strong></span> 
     </span>
    </p>
   </div>
  </div>
 </body>
</html>
