2354 4140
109 104 293 175 LlBER
314 92 483 166 XXXVlll.
529 102 617 166 Car.
638 92 776 165 XXXVI.
789 104 944 167 XXXVll.
988 110 1056 183 353

45 184 653 291 *mr-ff
666 210 704 266 N.
725 222 792 279 ιὸὅ.

35 326 190 411 lingulae,
205 348 358 410 quactum
373 330 411 389 in
430 330 469 391 iis
485 328 656 411 provinciis
671 346 776 405 erant,
791 331 953 395 decretae:
972 338 1051 401 e'tut

36 430 130 477 terne
148 417 247 475 millia
263 416 414 497 perlitum,
428 414 570 479 ducenos
586 416 708 498 equites
723 420 815 475 ambo
829 437 994 499 praetores
1009 423 1047 483 in

35 500 292 585 supplementum
310 500 400 565 luciis
421 504 640 587 imperarent,
669 500 835 585 secumque
855 522 1048 589 transporta.

36 608 125 651 rent.
173 590 350 670 Priusquam
371 591 409 651 in
433 588 613 670 provincias
636 587 711 649 noti
735 589 933 671 magistram
953 596 1047 676 proli.

37 676 256 752 eiicerenturp
285 664 470 759 supplicatio
493 677 529 735 in
545 676 684 737 triduum
699 696 759 757 pru
776 680 908 761 collegio
925 680 1048 742 dacem.

36 766 180 825 virorum
193 765 347 844 imperata
369 762 429 824 luit
448 765 485 823 in
504 763 653 824 omnibus
676 764 840 845 compitis,
872 766 957 845 quod
973 770 1046 833 luce

36 851 127 911 inter
141 847 255 911 horam
273 850 400 911 tertiam
419 848 521 911 ferme
534 868 566 909 et
581 866 725 931 quartam
743 852 895 912 tenebrae
912 858 1047 917 obortae

36 936 175 999 fueraut.
217 951 251 997 et
267 936 468 998 novemdiale
488 937 679 998 lacrilicium
698 936 858 997 indictum
874 938 936 1015 elt,
960 940 1047 1024 quod

35 1024 75 1085 itt
94 1025 260 1085 Aventino
279 1019 437 1109 lapidibus
459 1022 592 1106 pluillet.
646 1024 818 1107 Campani,
848 1048 1048 1090 corneosex

35 1109 314 1188 senatusconsulto,
337 1111 419 1191 quod
431 1110 549 1173 lactum
565 1126 634 1172 crat
650 1111 758 1192 priore
774 1132 873 1187 anno,
896 1114 1045 1178 cenlores

35 1199 158 1265 Romae
174 1196 296 1259 cenleri
319 1196 507 1283 coegille'nt‚
531 1202 621 1276 (nam
644 1216 737 1259 antea
753 1198 912 1261 incertum
927 1200 1044 1279 luerat,

35 1286 90 1347 ubi
105 1283 326 1361 censerentur)
341 1286 512 1369 petierunt,
534 1301 567 1348 ut
582 1282 637 1345 labi
653 1286 736 1346 cives
752 1285 910 1350 Romanas
925 1289 1045 1353 ducere

11 1448 14 1453 Ι
34 1392 148 1434 uxores
164 1371 294 1447 liceret3
314 1390 371 1451 et,
392 1370 485 1455 liqui
502 1373 591 1455 prius
605 1364 777 1449 duxissenn
797 1389 831 1433 ut
846 1375 965 1439 habere
982 1396 1044 1453 eas,

33 1476 65 1521 et
77 1475 153 1519 ente
169 1479 238 1519 eam
253 1459 339 1519 diem
359 1460 444 1533 nati,
480 1461 526 1520 uti
547 1458 620 1540 julti
643 1458 698 1519 libi
725 1460 821 1520 liberi
843 1462 1043 1547 lteredesqua'

31 1544 138 1609 ellent.
159 1562 291 1627 utraque
306 1566 359 1610 res
375 1546 555 1629 impetrata.
599 1544 653 1605 De
669 1547 848 1607 Formianis
864 1550 1042 1613 Fundanis·

32 1654 93 1715 que
117 1632 336 1712 municipibus
351 1648 385 1693 et
401 1630 608 1713 Arpinatibus
624 1634 658 1691 C.
677 1634 820 1693 Valerius
834 1636 962 1717 Tappus
976 1641 1040 1713 ,tri-

30 1721 136 1780 bunus
160 1718 262 1797 plebis
289 1719 518 1801 promulgavit,
549 1718 597 1777 uti
620 1718 660 1779 iis
682 1714 816 1797 suffragii
838 1720 912 1781 latio
942 1726 1041 1798 (nana

28 1802 186 1865 entolina
205 1796 346 1884 suffragio
366 1802 547 1865 habuerant
570 1802 744 1877 civitatem)
766 1802 849 1865 ellat.
893 1810 975 1871 lluic
989 1832 1040 1872 ro·

28 1889 151 1973 gationi
170 1903 303 1968 quatuor
319 1886 447 1949 tribuni
470 1889 589 1970 plebis,
621 1890 692 1970 quia
708 1908 778 1947 non
794 1910 835 1949 ex
851 1897 1041 1959 auctoritate

27 1976 153 2038 leuatus
169 1973 319 2050 ferretur,
341 1996 414 2036 cum
430 1974 685 2051 intercederent,
703 1974 820 2047 edocti,
843 1981 954 2060 populi
970 1980 1042 2057 elle,

25 2084 99 2125 non
114 2060 300 2143 senatus'jus
316 2060 514 2147 suffragium,
535 2062 647 2145 quibus
664 2062 774 2137 relut‚-
792 2058 968 2143 impartiri,
988 2066 1041 2129 de.

26 2150 178 2211 ltiterunt
196 2149 335 2231 incepto.
379 2148 514 2234 Rogatio
537 2150 659 2232 perlata
684 2146 747 2221 elt,
780 2164 815 2208 ut
839 2150 881 2209 in·
901 2150 1042 2215 Aemilia

26 2240 115 2301 tribu
131 2236 294 2297 Formiani
319 2252 351 2301 et
374 2237 541 2314 Fundani,
571 2236 609 2296 in
626 2235 774 2297 Cornelia
789 2237 960 2320 Arpinates
978 2239 1041 2301 ler-
1093 2308 1098 2319 ,

24 2342 112 2387 rent.
155 2316 252 2405 utqud
273 2323 383 2385 inhia
415 2325 558 2387 tribubus
582 2338 649 2383 tum
685 2323 822 2405 primum
847 2346 888 2385 ex
911 2329 1039 2389 Valerio

47 2410 190 2473 lehilcito
220 2409 303 2470 cunii
328 2409 408 2472 lunt.
477 2414 520 2472 ul.
546 2410 695 2469 Claudius
719 2410 886 2473 Marcellus
913 2416 1037 2486 censor,

24 2432 106 2559 iorte
121 2498 265 2579 superato
274 2500 312 2557 T.
324 2498 489 2575 Quinctio,
508 2494 639 2557 lustrum
656 2494 812 2558 condidit.
857 2501 948 2563 ceula
964 2504 1039 2564 sunt

24 2586 144 2649 ciriutn
167 2586 270 2666 capita
287 2584 425 2645 ducenta
446 2586 673 2668 qninquaginta
686 2602 758 2644 octo
777 2584 876 2647 millia
894 2606 1041 2651 trecenta

23 2672 136 2735 decent
152 2686 184 2732 et
198 2686 278 2733 octo.
324 2672 432 2733 Lustra
448 2668 611 2755 perlecto,
640 2670 784 2733 conluies
799 2672 842 2733 in'
850 2679 1041 2760 provincias

21 2758 161 2845 proiecti
176 2756 257 2819 lunt.

112 2924 265 2991 xxxvn.
295 2926 410 2991 Hieme
423 2948 470 3005 ea,
488 2948 548 3011 qua
563 2928 645 2990 haec
660 2928 781 2991 Rornae
798 2925 878 3013 geste
891 2924 974 2997 sunt.
995 2926 1037 2991 ad

22 3016 82 3077 Cn.
102 3015 281 3091 Manlium,
310 3014 472 3078 consulem
494 3016 651 3095 primurn,
686 3016 805 3077 deinde
821 3037 880 3097 pro
897 3014 1036 3091 consule,

19 3100 247 3163 hibernantem
277 3102 313 3161 in
332 3101 424 3177 Alta,
461 3104 632 3184 legationes
649 3102 799 3185 ¹undique
825 3122 865 3162 ex
886 3100 1037 3163 omnibus

20 3180 205 3252 eiv'ttatibus
220 3190 449 3271 gentibusque,
472 3210 551 3271 quae
564 3189 610 3249 cis
628 3189 771 3249 Taurum
789 3198 929 3249 montem
943 3188 1033 3249 inco.

20 3276 114 3353 lunt,
141 3274 389 3337 conveniebant.
431 3290 465 3335 et
485 3290 519 3335 ut
541 3275 659 3336 clarior
673 3276 876 3355 nobiliorque
900 3274 1039 3345 victorii·

18 3354 174 3437 Romania
189 3362 230 3424 de
245 3382 318 3444 rege
333 3361 495 3423 Antiocho
510 3360 582 3437 fuit,
602 3380 693 3443 quam
711 3361 752 3422 de
768 3362 885 3438 Gallie3
913 3360 957 3423 ita
976 3365 1035 3426 lae·

17 3450 87 3511 tior
101 3446 191 3511 sociis
211 3452 280 3511 erat‘
298 3449 338 3510 de
356 3448 478 3528 Gallis,
506 3468 600 3530 quam
629 3444 671 3507 de
687 3448 859 3510 Antiocho.
903 3449 1032 3511 Tolera·
1115 3490 1119 3499 ,

15 3538 116 3599 bilior
130 3536 216 3620 regia
233 3534 363 3599 servitus
379 3534 492 3605 luerat,
523 3556 615 3615 quam
632 3530 742 3596 feritas
758 3534 946 3597 immanium
964 3539 1031 3597 bar·
1099 3544 1102 3549 ’

13 3624 187 3699 berorum,
200 3623 417 3702 incertusque
434 3622 469 3680 itt
485 3618 552 3682 dies
568 3636 692 3696 terror,
715 3643 777 3705 quo
796 3626 885 3686 reiut
898 3638 1043 3701 tempea-

8 3716 59 3799 'tas
73 3729 129 3773 eoa
143 3712 332 3793 populantes
353 3708 498 3773 inferret.
554 3706 682 3797 itaque,
712 3730 750 3779 ut
767 3712 893 3801 qtt'thus,
911 3709 1085 3801 Ythertpass

55 3794 89 3857 Ζ
98 3796 187 3855 bini
200 3792 276 3858 nm.
287 3792 351 3857 III.
623 3803 652 3865 2
951 3792 1077 3853 lentan-
