2354 4140
104 338 320 399 ambitionem
333 336 563 418 imperatorum
585 338 623 395 ab
643 337 784 395 exercitu
800 336 920 413 abesse,
950 337 991 397 ed
1003 358 1122 401 xerunt

106 422 149 485 de
170 423 341 498 militibus,
376 424 408 483 P.
425 420 536 497 Aelio,
567 423 755 505 C.,Popillio
776 424 974 501 consulibus,
1012 426 1120 507 postte

106 532 163 573 eos
175 508 320 571 eonsules
332 510 371 569 in
385 507 611 570 Macedoniam
632 507 773 591 seriptis,
823 508 880 584 Ur,
905 514 958 593 qui
973 531 1073 572 cosam
1088 520 1120 575 in

110 596 203 662 Italia
223 595 330 677 effert,
366 601 451 656 intra
466 594 529 681 ³³5⁸
553 599 701 679 triginta,
745 617 817 656 cent
838 601 926 678 prius
946 597 1025 677 apud
1041 597 1118 683 sese,

107 688 142 745 in
156 686 337 765 provinciam
358 680 506 741 redirent.
549 688 603 763 qui
625 687 655 741 in
679 686 776 763 petris
792 688 907 744 autaei
927 682 1066 765 potestate
1080 688 1118 769 es-

96 769 183 854 stur,
203 788 305 830 eorum
317 772 430 829 nomina
444 766 525 851 adse
544 766 713 829 ederentur.
752 766 911 851 Mifforunt
926 791 1040 851 quoque
1054 774 1119 835 cari·

94 856 146 939 sas
157 856 222 939 sese
244 858 417 939 cognituros
431 853 502 937 effe:
538 856 585 933 et,
611 875 737 937 quorum
759 874 826 914 ente
840 860 960 917 emerita
969 856 1119 940 stipendia

100 940 236 1028 gratioflt
251 937 409 1023 milliofibi
424 939 484 1024 uisa
498 939 583 1023 effer,
615 961 662 1001 eos
676 940 782 1001 milites
792 937 1017 1025 fierijufflrros.
1047 948 1117 1007 Hoc

100 1029 208 1091 edicto
218 1029 381 1109 literisque
388 1025 557 1087 censorum
563 1050 624 1111 per
632 1026 702 1088 fora
716 1044 745 1088 et
756 1030 965 1089 conciliabula
973 1029 1114 1109 dimittis,

100 1132 193 1175 tanta
211 1114 381 1176 multitudo
403 1115 568 1197 juniorum
582 1117 721 1177 Romam
741 1119 912 1192 convenit,
957 1133 991 1176 ut
1012 1122 1116 1201 gravis

100 1203 178 1265 urbi
190 1204 286 1261 turba
297 1200 423 1261 insolita
437 1199 523 1261 esset.

188 1376 256 1435 XV.
285 1376 412 1434 Praeter
426 1372 585 1434 deleettun
605 1394 735 1449 eorum,
763 1394 840 1455 quos
863 1374 898 1433 iu
915 1372 1114 1459 supplemen-

97 1478 170 1521 tum
198 1462 283 1521 mitti
310 1464 492 1543 oportebat,
536 1476 670 1541 quatuor
698 1481 716 1517 a
746 1462 779 1519 C.
806 1462 942 1543 Sulpicio
969 1480 1116 1546 praetore

97 1546 234 1631 scriptae
250 1548 392 1629 legiones
405 1546 495 1621 sunt,
512 1547 657 1627 intraque
673 1546 821 1607 undecim
840 1546 907 1607 dies
923 1550 1062 1611 delectus
1071 1550 1117 1613 est

98 1634 270 1719 perfectus·
307 1632 458 1695 Consules
476 1631 595 1693 deinde
620 1631 716 1693 sortiti
737 1625 915 1713 prouinciis
930 1634 1012 1696 suut.
1038 1658 1116 1698 nam

100 1737 264 1805 praetores
285 1737 418 1805 propter
439 1718 691 1804 jurisdictionem
717 1722 868 1778 lunarios
892 1721 989 1782 sortiti
1010 1741 1113 1784 erant.

105 1809 238 1868 Urbana
259 1808 293 1869 C.
320 1808 478 1890 SulpiciO,
513 1807 684 1889 peregrina
715 1806 747 1865 C.
773 1806 921 1865 Decimio
950 1810 1113 1891 obtigerat,

107 1893 293 1976 Hispaniam
313 1896 358 1955 M.
375 1893 526 1953 Claudius
542 1892 726 1967 Marcellus,
755 1892 893 1952 Siciliam
910 1890 975 1953 Ser.
994 1898 1114 1955 (lorne-

103 1980 166 2042 lius
180 1981 346 2055 Lentulus,
374 1978 555 2041 Sardiniam
571 1982 599 2038 P.
617 1978 765 2061 Fonteius
781 1979 905 2061 Capito,
937 1978 1064 2040 classem
1079 1984 1115 2042 C.

101 2066 239 2129 Marcius
261 2068 386 2150 Figulus
408 2083 476 2126 erat
496 2065 631 2125 sortitus.
696 2064 869 2125 Consulum
899 2066 957 2125 Cn.
980 2067 1115 2129 Servilio

100 2154 209 2229 ltalia,
239 2156 279 2231 Q·
296 2155 415 2217 biarcio
436 2151 625 2213 Macedonia
646 2152 785 2213 obvenit.
832 2152 1013 2233 Latinisque
1028 2154 1114 2231 actia,

98 2240 239 2302 Marcius
256 2242 416 2323 extemplo
433 2238 477 2299 est
498 2236 668 2321 profectus.
714 2239 875 2320 Caepione
898 2236 1018 2299 deinde
1033 2238 1114 2300 rese-

96 2343 194 2390 rente
209 2324 252 2387 ad
270 2325 434 2402 senatum,
464 2348 541 2407 quas
561 2346 601 2384 ex
616 2324 709 2383 novis
730 2324 906 2406 legionibus
921 2324 998 2386 duas
1019 2326 1113 2410 legio·

99 2431 160 2475 nes
179 2412 288 2474 seeum
305 2414 343 2475 iu
357 2414 494 2474 Galliam
514 2410 660 2485 duceret,
694 2408 866 2471 decrevere
881 2414 1003 2488 Patres,
1027 2430 1061 2473 ut
1077 2415 1112 2474 C.

99 2500 271 2584 Sulpicius,
293 2502 337 2561 M.
348 2498 496 2560 Claudius
511 2515 672 2581 praetores
690 2518 731 2555 ex
746 2497 804 2573 his,
822 2520 897 2579 quas
912 2497 1112 2580 scripsissent,

97 2587 297 2671 legionibus,
339 2607 416 2669 quas
432 2584 611 2658 videretur,
656 2582 775 2644 consuli
798 2583 922 2646 darent.
974 2584 1114 2671 indigne

76 2739 82 2747 ,
121 2674 243 2735 atiente
257 2688 441 2755 praetorum
454 2672 585 2732 arbitrio
600 2668 764 2729 consulem
776 2670 964 2755 subjectum,
988 2671 1114 2734 dimisso

95 2696 228 2836 situatu,
243 2757 286 2819 ad
299 2760 440 2821 tribunal
456 2775 638 2842 praetorum
646 2754 730 2817 stans
740 2758 914 2839 postulavit,
930 2759 1114 2819 exsenatus-

97 2844 243 2907 consulto
259 2844 458 2907 destinarent
471 2845 526 2905 libi
542 2843 618 2905 duas
633 2844 784 2926 legiones.
813 2863 975 2927 praetores
991 2844 1114 2904 consuli

96 2932 135 2998 iu
150 2930 304 3015 eligendo
319 2924 487 2993 arbitrium
501 2930 658 3005 fecerunt.
704 2932 856 2991 Senatum
871 2930 991 2991 deinde
1004 2928 1113 2989 censo·

93 3040 148 3081 res
170 3020 335 3101 legerunt:
380 3022 423 3081 ill.
438 3018 593 3079 Aemilius
616 3015 753 3099 Lepidus
775 3018 928 3100 princeps
950 3018 988 3074 ab
1011 3016 1113 3077 tertiis

89 3106 163 3193 jam
175 3102 361 3167 censoribus
377 3108 486 3167 lectus.
531 3106 660 3187 Septem
675 3124 692 3163 e
706 3102 818 3163 senatu
838 3104 928 3184 ejecti
944 3100 1026 3161 lunt.
1071 3104 1138 3163 In*-

75 3188 196 3266 ,eertlb
210 3192 398 3277 accipiendo
420 3192 532 3277 populi
544 3192 661 3251 milites
679 3210 719 3249 ex
734 3187 945 3249 Macedonico
960 3190 1112 3265 exercitu,

58 3280 153 3366 ,aqui
173 3281 384 3363 quammulti
407 3277 551 3341 abessent
575 3279 614 3337 ab
637 3274 749 3357 signis,
787 3275 906 3349 emtus,
926 3274 1048 3354 docuit,
1076 3278 1116 3338 in

93 3366 299 3450 'peorinciam
323 3370 499 3449 cogebant:
544 3361 649 3423 causas
678 3359 844 3443 stipendiis
874 3360 1037 3424 missorum
1065 3365 1132 3423 σοι’

81 3450 306 3553 ‚fluescebann
332 3468 384 3529 et,
407 3454 495 3535 cujus
514 3448 664 3510 nondum
680 3445 759 3530 justa
773 3447 875 3509 missio
890 3449 954 3511 risa
967 3448 1053 3524 esset,
1070 3450 1115 3509 ita

91 3530 318 3624 jusjurandum
335 3537 522 3621 adigebant:
570 3534 792 3595 exteranei·
805 3536 972 3619 finientis,
1018 3555 1052 3595 ru
1075 3554 1115 3594 ex

91 3623 190 3689 edicto
219 3624 255 3687 C.
275 3624 414 3699 Claudii,
448 3620 496 3686 Τι’.
516 3620 684 3703 Sempronii
705 3626 851 3699 censorum
877 3628 907 3683 in
931 3624 1128 3705 provinciam·

70 3700 292 3780 ·-Mieolornn
313 3711 444 3784 redibis,
488 3706 573 3793 qaod
586 3705 650 3785 fine
674 3706 740 3770 duit
755 3706 831 3773 malo
847 3707 953 3793 fatere
976 3706 1163 3849 paug&

631 3798 735 3894 Oea
1134 3826 1148 3840 *-
